<?xml version="1.0" encoding="UTF-8"?>
<!DOCTYPE html PUBLIC "-//W3C//DTD XHTML 1.0 Transitional//EN"
    "http://www.w3.org/TR/xhtml1/DTD/xhtml1-transitional.dtd">
<html xmlns="http://www.w3.org/1999/xhtml" xml:lang="en" lang="en">
 <head>
  <title>
</title>
<meta http-equiv="Content-Type" content="text/html;charset=utf-8" />
  <meta name='ocr-system' content='tesseract 3.04.00' />
  <meta name='ocr-capabilities' content='ocr_page ocr_carea ocr_par ocr_line ocrx_word'/>
</head>
<body>
  <div class='ocr_page' id='page_1' title='image "./deovimammaliume00baergoog_0033.png"; bbox 0 0 5284 6572; ppageno 0'>
   <div class='ocr_carea' id='block_1_1' title="bbox 983 557 1439 650">
    <p class='ocr_par' dir='ltr' id='par_1_1' title="bbox 983 557 1439 650">
     <span class='ocr_line' id='line_1_1' title="bbox 983 557 1439 650; baseline 0.004 -2"><span class='ocrx_word' id='word_1_1' title='bbox 983 557 1439 650; x_wconf 70' lang='lat'><strong>-—··--2⁰</strong></span> 
     </span>
    </p>
   </div>
   <div class='ocr_carea' id='block_1_2' title="bbox 467 794 2325 3338">
    <p class='ocr_par' dir='ltr' id='par_1_2' title="bbox 500 794 2320 1195">
     <span class='ocr_line' id='line_1_2' title="bbox 501 794 2320 910; baseline -0.008 -18"><span class='ocrx_word' id='word_1_2' title='bbox 501 802 813 892; x_wconf 87' lang='lat' dir='ltr'><strong>observationes</strong></span> <span class='ocrx_word' id='word_1_3' title='bbox 847 800 893 886; x_wconf 89' lang='lat' dir='ltr'><strong>in</strong></span> <span class='ocrx_word' id='word_1_4' title='bbox 928 795 1216 885; x_wconf 86' lang='lat' dir='ltr'><strong>mammalibus</strong></span> <span class='ocrx_word' id='word_1_5' title='bbox 1245 795 1279 883; x_wconf 94' lang='lat' dir='ltr'><strong>si</strong></span> <span class='ocrx_word' id='word_1_6' title='bbox 1325 798 1511 886; x_wconf 88' lang='lat' dir='ltr'><strong>nondum</strong></span> <span class='ocrx_word' id='word_1_7' title='bbox 1546 796 1687 883; x_wconf 82' lang='lat' dir='ltr'><strong>stricte</strong></span> <span class='ocrx_word' id='word_1_8' title='bbox 1729 797 1934 910; x_wconf 87' lang='lat' dir='ltr'><strong>probant,</strong></span> <span class='ocrx_word' id='word_1_9' title='bbox 1990 794 2138 881; x_wconf 79' lang='lat' dir='ltr'>suadet</span> <span class='ocrx_word' id='word_1_10' title='bbox 2179 810 2320 880; x_wconf 88' lang='lat' dir='ltr'><strong>tamen</strong></span> 
     </span>
     <span class='ocr_line' id='line_1_3' title="bbox 501 935 2320 1058; baseline -0.007 -25"><span class='ocrx_word' id='word_1_11' title='bbox 501 945 754 1058; x_wconf 89' lang='lat' dir='ltr'><strong>comparatio</strong></span> <span class='ocrx_word' id='word_1_12' title='bbox 784 972 878 1030; x_wconf 91' lang='lat' dir='ltr'><strong>cum</strong></span> <span class='ocrx_word' id='word_1_13' title='bbox 902 941 991 1029; x_wconf 90' lang='lat' dir='ltr'><strong>ovis</strong></span> <span class='ocrx_word' id='word_1_14' title='bbox 1027 939 1283 1050; x_wconf 86' lang='lat' dir='ltr'><strong>reliquorum</strong></span> <span class='ocrx_word' id='word_1_15' title='bbox 1312 937 1565 1025; x_wconf 90' lang='lat' dir='ltr'><strong>animalium.</strong></span> <span class='ocrx_word' id='word_1_16' title='bbox 1625 940 1676 1024; x_wconf 92' lang='lat' dir='ltr'><strong>ln</strong></span> <span class='ocrx_word' id='word_1_17' title='bbox 1708 937 1902 1025; x_wconf 91' lang='lat' dir='ltr'><strong>vesiculis</strong></span> <span class='ocrx_word' id='word_1_18' title='bbox 1932 936 2103 1024; x_wconf 90' lang='lat' dir='ltr'><strong>maturis</strong></span> <span class='ocrx_word' id='word_1_19' title='bbox 2140 935 2320 1044; x_wconf 89' lang='lat' dir='ltr'><strong>denique</strong></span> 
     </span>
     <span class='ocr_line' id='line_1_4' title="bbox 500 1075 2319 1195; baseline -0.005 -21"><span class='ocrx_word' id='word_1_20' title='bbox 500 1093 675 1174; x_wconf 86' lang='lat' dir='ltr'><strong>stratum</strong></span> <span class='ocrx_word' id='word_1_21' title='bbox 704 1085 910 1174; x_wconf 89' lang='lat' dir='ltr'><strong>internum</strong></span> <span class='ocrx_word' id='word_1_22' title='bbox 942 1085 1094 1168; x_wconf 77' lang='lat' dir='ltr'><em>thecae</em></span> <span class='ocrx_word' id='word_1_23' title='bbox 1123 1075 1302 1168; x_wconf 81' lang='lat' dir='ltr'><strong>crassius</strong></span> <span class='ocrx_word' id='word_1_24' title='bbox 1331 1080 1398 1186; x_wconf 90' lang='lat' dir='ltr'><strong>lit,</strong></span> <span class='ocrx_word' id='word_1_25' title='bbox 1447 1082 1606 1195; x_wconf 82' lang='lat' dir='ltr'><strong>stigma</strong></span> <span class='ocrx_word' id='word_1_26' title='bbox 1634 1108 1737 1168; x_wconf 92' lang='lat' dir='ltr'><strong>vero</strong></span> <span class='ocrx_word' id='word_1_27' title='bbox 1772 1080 1937 1168; x_wconf 81' lang='lat' dir='ltr'><strong>termus</strong></span> <span class='ocrx_word' id='word_1_28' title='bbox 1966 1079 2133 1167; x_wconf 88' lang='lat' dir='ltr'><strong>demum</strong></span> <span class='ocrx_word' id='word_1_29' title='bbox 2167 1076 2319 1166; x_wconf 86' lang='lat' dir='ltr'><strong>evadit.</strong></span> 
     </span>
    </p>

    <p class='ocr_par' dir='ltr' id='par_1_3' title="bbox 467 1211 2320 1626">
     <span class='ocr_line' id='line_1_5' title="bbox 650 1211 2320 1343; baseline -0.007 -27"><span class='ocrx_word' id='word_1_30' title='bbox 650 1232 720 1316; x_wconf 89' lang='lat' dir='ltr'><strong>De</strong></span> <span class='ocrx_word' id='word_1_31' title='bbox 749 1227 938 1343; x_wconf 44' lang='lat' dir='ltr'><strong>corpor&amp;</strong></span> <span class='ocrx_word' id='word_1_32' title='bbox 967 1225 1073 1310; x_wconf 78' lang='lat' dir='ltr'><strong>lactei</strong></span> <span class='ocrx_word' id='word_1_33' title='bbox 1101 1224 1245 1338; x_wconf 81' lang='lat' dir='ltr'><strong>genesi</strong></span> <span class='ocrx_word' id='word_1_34' title='bbox 1273 1225 1376 1312; x_wconf 87' lang='lat' dir='ltr'><strong>satis</strong></span> <span class='ocrx_word' id='word_1_35' title='bbox 1404 1211 1653 1311; x_wconf 88' lang='lat' dir='ltr'><strong>dissentiunt</strong></span> <span class='ocrx_word' id='word_1_36' title='bbox 1693 1229 2001 1311; x_wconf 72' lang='lat' dir='ltr'><strong>observatores.</strong></span> <span class='ocrx_word' id='word_1_37' title='bbox 2066 1224 2142 1309; x_wconf 90' lang='lat' dir='ltr'><strong>Me</strong></span> <span class='ocrx_word' id='word_1_38' title='bbox 2165 1219 2320 1340; x_wconf 87' lang='lat' dir='ltr'><strong>judice,</strong></span> 
     </span>
     <span class='ocr_line' id='line_1_6' title="bbox 467 1347 2320 1484; baseline -0.006 -25"><span class='ocrx_word' id='word_1_39' title='bbox 467 1347 666 1459; x_wconf 73' lang='lat' dir='ltr'><strong>¹minime</strong></span> <span class='ocrx_word' id='word_1_40' title='bbox 694 1397 847 1484; x_wconf 85' lang='lat' dir='ltr'><strong>corpus</strong></span> <span class='ocrx_word' id='word_1_41' title='bbox 875 1396 1031 1458; x_wconf 90' lang='lat' dir='ltr'><strong>novum</strong></span> <span class='ocrx_word' id='word_1_42' title='bbox 1060 1383 1144 1472; x_wconf 89' lang='lat' dir='ltr'><strong>est,</strong></span> <span class='ocrx_word' id='word_1_43' title='bbox 1192 1369 1268 1454; x_wconf 88' lang='lat' dir='ltr'><strong>sed</strong></span> <span class='ocrx_word' id='word_1_44' title='bbox 1298 1381 1472 1453; x_wconf 87' lang='lat' dir='ltr'><strong>stratum</strong></span> <span class='ocrx_word' id='word_1_45' title='bbox 1507 1367 1717 1453; x_wconf 89' lang='lat' dir='ltr'><strong>internum</strong></span> <span class='ocrx_word' id='word_1_46' title='bbox 1756 1367 1906 1454; x_wconf 72' lang='lat' dir='ltr'><strong>theom</strong></span> <span class='ocrx_word' id='word_1_47' title='bbox 1934 1365 2067 1480; x_wconf 84' lang='lat' dir='ltr'><strong>magis</strong></span> <span class='ocrx_word' id='word_1_48' title='bbox 2095 1367 2320 1454; x_wconf 86' lang='lat' dir='ltr'><strong>evolutum.</strong></span> 
     </span>
     <span class='ocr_line' id='line_1_7' title="bbox 499 1508 2031 1626; baseline -0.001 -28"><span class='ocrx_word' id='word_1_49' title='bbox 499 1515 625 1626; x_wconf 82' lang='lat' dir='ltr'><strong>Quod</strong></span> <span class='ocrx_word' id='word_1_50' title='bbox 655 1514 923 1624; x_wconf 77' lang='lat' dir='ltr'><strong>sequentibus</strong></span> <span class='ocrx_word' id='word_1_51' title='bbox 951 1509 1309 1600; x_wconf 87' lang='lat' dir='ltr'><strong>observationibus</strong></span> <span class='ocrx_word' id='word_1_52' title='bbox 1337 1508 1614 1597; x_wconf 90' lang='lat' dir='ltr'><strong>demonstrari</strong></span> <span class='ocrx_word' id='word_1_53' title='bbox 1643 1537 1766 1623; x_wconf 88' lang='lat' dir='ltr'><strong>posse</strong></span> <span class='ocrx_word' id='word_1_54' title='bbox 1795 1525 1909 1624; x_wconf 89' lang='lat' dir='ltr'><strong>puto.</strong></span> <span class='ocrx_word' id='word_1_55' title='bbox 2028 1509 2031 1514; x_wconf 74' lang='grc'>’</span> 
     </span>
    </p>

    <p class='ocr_par' dir='ltr' id='par_1_4' title="bbox 494 1650 2323 2336">
     <span class='ocr_line' id='line_1_8' title="bbox 654 1650 2321 1766; baseline -0.004 -23"><span class='ocrx_word' id='word_1_56' title='bbox 654 1658 698 1743; x_wconf 88' lang='lat'><strong>1.</strong></span> <span class='ocrx_word' id='word_1_57' title='bbox 761 1655 882 1744; x_wconf 83' lang='lat' dir='ltr'><strong>Circa</strong></span> <span class='ocrx_word' id='word_1_58' title='bbox 911 1653 1096 1766; x_wconf 85' lang='lat' dir='ltr'><strong>corporis</strong></span> <span class='ocrx_word' id='word_1_59' title='bbox 1129 1652 1233 1740; x_wconf 91' lang='lat' dir='ltr'><strong>lutei</strong></span> <span class='ocrx_word' id='word_1_60' title='bbox 1268 1665 1430 1766; x_wconf 88' lang='lat' dir='ltr'><strong>partem</strong></span> <span class='ocrx_word' id='word_1_61' title='bbox 1466 1652 1703 1738; x_wconf 86' lang='lat' dir='ltr'><strong>inmersam</strong></span> <span class='ocrx_word' id='word_1_62' title='bbox 1738 1679 1867 1738; x_wconf 91' lang='lat' dir='ltr'><strong>unum</strong></span> <span class='ocrx_word' id='word_1_63' title='bbox 1908 1653 2034 1740; x_wconf 92' lang='lat' dir='ltr'><strong>modo</strong></span> <span class='ocrx_word' id='word_1_64' title='bbox 2063 1650 2321 1738; x_wconf 89' lang='lat' dir='ltr'><strong>involucrum</strong></span> 
     </span>
     <span class='ocr_line' id='line_1_9' title="bbox 496 1792 2323 1911; baseline -0.004 -24"><span class='ocrx_word' id='word_1_65' title='bbox 496 1800 736 1887; x_wconf 81' lang='lat' dir='ltr'><strong>discernere</strong></span> <span class='ocrx_word' id='word_1_66' title='bbox 766 1799 902 1911; x_wconf 81' lang='lat' dir='ltr'><strong>ponii,</strong></span> <span class='ocrx_word' id='word_1_67' title='bbox 952 1798 1063 1907; x_wconf 90' lang='lat' dir='ltr'><strong>quod</strong></span> <span class='ocrx_word' id='word_1_68' title='bbox 1094 1799 1245 1881; x_wconf 74' lang='lat' dir='ltr'><strong>thccue</strong></span> <span class='ocrx_word' id='word_1_69' title='bbox 1273 1809 1405 1883; x_wconf 90' lang='lat' dir='ltr'><strong>strato</strong></span> <span class='ocrx_word' id='word_1_70' title='bbox 1434 1813 1610 1882; x_wconf 88' lang='lat' dir='ltr'><strong>externo</strong></span> <span class='ocrx_word' id='word_1_71' title='bbox 1639 1797 1876 1909; x_wconf 75' lang='lat' dir='ltr'><strong>respondet.</strong></span> <span class='ocrx_word' id='word_1_72' title='bbox 1936 1796 2004 1881; x_wconf 85' lang='lat' dir='ltr'><strong>llx</strong></span> <span class='ocrx_word' id='word_1_73' title='bbox 2033 1795 2183 1882; x_wconf 87' lang='lat' dir='ltr'><strong>eadem</strong></span> <span class='ocrx_word' id='word_1_74' title='bbox 2211 1792 2323 1881; x_wconf 88' lang='lat' dir='ltr'><strong>enim</strong></span> 
     </span>
     <span class='ocr_line' id='line_1_10' title="bbox 496 1917 2320 2052; baseline -0.003 -23"><span class='ocrx_word' id='word_1_75' title='bbox 496 1945 586 2029; x_wconf 86' lang='lat' dir='ltr'><strong>tela</strong></span> <span class='ocrx_word' id='word_1_76' title='bbox 604 1917 866 2030; x_wconf 80' lang='lat' dir='ltr'><strong>comtituitur</strong></span> <span class='ocrx_word' id='word_1_77' title='bbox 893 1968 1004 2027; x_wconf 91' lang='lat' dir='ltr'><strong>nunc</strong></span> <span class='ocrx_word' id='word_1_78' title='bbox 1031 1941 1246 2052; x_wconf 89' lang='lat' dir='ltr'><strong>paululum</strong></span> <span class='ocrx_word' id='word_1_79' title='bbox 1275 1923 1487 2042; x_wconf 85' lang='lat' dir='ltr'><strong>distensa,</strong></span> <span class='ocrx_word' id='word_1_80' title='bbox 1542 1938 1604 2024; x_wconf 89' lang='lat' dir='ltr'><strong>uti</strong></span> <span class='ocrx_word' id='word_1_81' title='bbox 1640 1937 1765 2024; x_wconf 83' lang='lat' dir='ltr'><strong>facile</strong></span> <span class='ocrx_word' id='word_1_82' title='bbox 1802 1938 1857 2044; x_wconf 49' lang='lat' dir='ltr'><strong>in,</strong></span> <span class='ocrx_word' id='word_1_83' title='bbox 1883 1938 2045 2052; x_wconf 86' lang='lat' dir='ltr'><strong>magnis</strong></span> <span class='ocrx_word' id='word_1_84' title='bbox 2085 1963 2320 2041; x_wconf 78' lang='lat' dir='ltr'><strong>vaccarum,</strong></span> 
     </span>
     <span class='ocr_line' id='line_1_11' title="bbox 496 2079 2323 2198; baseline -0.003 -27"><span class='ocrx_word' id='word_1_85' title='bbox 496 2085 658 2190; x_wconf 73' lang='lat' dir='ltr'><strong>ovinum,</strong></span> <span class='ocrx_word' id='word_1_86' title='bbox 694 2111 914 2198; x_wconf 79' lang='lat' dir='ltr'><strong>porcarum</strong></span> <span class='ocrx_word' id='word_1_87' title='bbox 943 2081 1187 2194; x_wconf 86' lang='lat' dir='ltr'><strong>corporibus</strong></span> <span class='ocrx_word' id='word_1_88' title='bbox 1216 2079 1340 2166; x_wconf 91' lang='lat' dir='ltr'><strong>luteis</strong></span> <span class='ocrx_word' id='word_1_89' title='bbox 1375 2084 1591 2192; x_wconf 88' lang='lat' dir='ltr'><strong>probatur.</strong></span> <span class='ocrx_word' id='word_1_90' title='bbox 1658 2082 1751 2167; x_wconf 90' lang='lat' dir='ltr'><strong>Nec</strong></span> <span class='ocrx_word' id='word_1_91' title='bbox 1779 2080 1968 2190; x_wconf 76' lang='lat' dir='ltr'><strong>reliquae</strong></span> <span class='ocrx_word' id='word_1_92' title='bbox 1997 2081 2106 2167; x_wconf 87' lang='lat' dir='ltr'><strong>circa</strong></span> <span class='ocrx_word' id='word_1_93' title='bbox 2136 2079 2323 2193; x_wconf 86' lang='lat' dir='ltr'><strong>corporis</strong></span> 
     </span>
     <span class='ocr_line' id='line_1_12' title="bbox 494 2221 2010 2336; baseline -0.012 -14"><span class='ocrx_word' id='word_1_94' title='bbox 494 2227 600 2322; x_wconf 78' lang='lat' dir='ltr'><strong>lutat</strong></span> <span class='ocrx_word' id='word_1_95' title='bbox 628 2228 873 2315; x_wconf 85' lang='lat' dir='ltr'><strong>vestimenta</strong></span> <span class='ocrx_word' id='word_1_96' title='bbox 903 2225 1211 2336; x_wconf 82' lang='lat' dir='ltr'><strong>disquisitiones</strong></span> <span class='ocrx_word' id='word_1_97' title='bbox 1244 2221 1499 2310; x_wconf 83' lang='lat' dir='ltr'><strong>dissuadent.</strong></span> <span class='ocrx_word' id='word_1_98' title='bbox 2007 2313 2010 2322; x_wconf 91' lang='lat'><em>.</em></span> 
     </span>
    </p>

    <p class='ocr_par' dir='ltr' id='par_1_5' title="bbox 497 2365 2325 3196">
     <span class='ocr_line' id='line_1_13' title="bbox 650 2365 2323 2482; baseline -0.003 -25"><span class='ocrx_word' id='word_1_99' title='bbox 650 2368 696 2458; x_wconf 76' lang='lat'><strong>2.</strong></span> <span class='ocrx_word' id='word_1_100' title='bbox 757 2370 970 2482; x_wconf 82' lang='lat' dir='ltr'><strong>Apertura</strong></span> <span class='ocrx_word' id='word_1_101' title='bbox 1011 2366 1197 2482; x_wconf 88' lang='lat' dir='ltr'><strong>eorporis</strong></span> <span class='ocrx_word' id='word_1_102' title='bbox 1237 2365 1341 2452; x_wconf 90' lang='lat' dir='ltr'><strong>lutei</strong></span> <span class='ocrx_word' id='word_1_103' title='bbox 1368 2369 1555 2453; x_wconf 88' lang='lat' dir='ltr'><strong>nondum</strong></span> <span class='ocrx_word' id='word_1_104' title='bbox 1595 2365 1772 2453; x_wconf 83' lang='lat' dir='ltr'><strong>consecti</strong></span> <span class='ocrx_word' id='word_1_105' title='bbox 1807 2367 1919 2453; x_wconf 89' lang='lat' dir='ltr'><strong>idem</strong></span> <span class='ocrx_word' id='word_1_106' title='bbox 1948 2369 2091 2472; x_wconf 81' lang='lat' dir='ltr'><strong>docet3</strong></span> <span class='ocrx_word' id='word_1_107' title='bbox 2146 2367 2323 2482; x_wconf 81' lang='lat' dir='ltr'><strong>cingitur</strong></span> 
     </span>
     <span class='ocr_line' id='line_1_14' title="bbox 497 2507 2323 2628; baseline -0.002 -27"><span class='ocrx_word' id='word_1_108' title='bbox 497 2514 609 2601; x_wconf 90' lang='lat' dir='ltr'><strong>enim</strong></span> <span class='ocrx_word' id='word_1_109' title='bbox 635 2511 881 2628; x_wconf 81' lang='lat' dir='ltr'><strong>peristorm&#39;c</strong></span> <span class='ocrx_word' id='word_1_110' title='bbox 909 2510 1120 2598; x_wconf 89' lang='lat' dir='ltr'><strong>laciniato.</strong></span> <span class='ocrx_word' id='word_1_111' title='bbox 1188 2511 1275 2596; x_wconf 88' lang='lat' dir='ltr'><strong>llas</strong></span> <span class='ocrx_word' id='word_1_112' title='bbox 1315 2508 1490 2595; x_wconf 90' lang='lat' dir='ltr'><strong>lacinias</strong></span> <span class='ocrx_word' id='word_1_113' title='bbox 1518 2507 1685 2594; x_wconf 90' lang='lat' dir='ltr'><strong>minime</strong></span> <span class='ocrx_word' id='word_1_114' title='bbox 1727 2537 1819 2595; x_wconf 89' lang='lat' dir='ltr'><strong>esse</strong></span> <span class='ocrx_word' id='word_1_115' title='bbox 1855 2509 2014 2595; x_wconf 82' lang='lat' dir='ltr'><strong>iudusic&#39;</strong></span> <span class='ocrx_word' id='word_1_116' title='bbox 2041 2511 2323 2626; x_wconf 79' lang='lat' dir='ltr'><strong>prolongatio·</strong></span> 
     </span>
     <span class='ocr_line' id='line_1_15' title="bbox 497 2650 2324 2768; baseline -0.003 -25"><span class='ocrx_word' id='word_1_117' title='bbox 497 2681 596 2761; x_wconf 88' lang='lat' dir='ltr'><strong>nes,</strong></span> <span class='ocrx_word' id='word_1_118' title='bbox 635 2653 710 2742; x_wconf 87' lang='lat' dir='ltr'><strong>sed</strong></span> <span class='ocrx_word' id='word_1_119' title='bbox 739 2654 870 2767; x_wconf 83' lang='lat' dir='ltr'><strong>ipsius</strong></span> <span class='ocrx_word' id='word_1_120' title='bbox 899 2652 1086 2765; x_wconf 91' lang='lat' dir='ltr'><strong>corporis</strong></span> <span class='ocrx_word' id='word_1_121' title='bbox 1114 2651 1240 2760; x_wconf 77' lang='lat' dir='ltr'><strong>lutei,¹</strong></span> <span class='ocrx_word' id='word_1_122' title='bbox 1283 2651 1592 2739; x_wconf 83' lang='lat' dir='ltr'><strong>distinctissime</strong></span> <span class='ocrx_word' id='word_1_123' title='bbox 1625 2650 1711 2737; x_wconf 87' lang='lat' dir='ltr'><strong>vidi</strong></span> <span class='ocrx_word' id='word_1_124' title='bbox 1745 2655 1872 2764; x_wconf 90' lang='lat' dir='ltr'><strong>pnulo</strong></span> <span class='ocrx_word' id='word_1_125' title='bbox 1914 2667 2008 2766; x_wconf 89' lang='lat' dir='ltr'><strong>post</strong></span> <span class='ocrx_word' id='word_1_126' title='bbox 2036 2669 2251 2768; x_wconf 73' lang='lat' dir='ltr'><strong>rupturam</strong></span> <span class='ocrx_word' id='word_1_127' title='bbox 2280 2654 2324 2738; x_wconf 92' lang='lat' dir='ltr'><strong>in</strong></span> 
     </span>
     <span class='ocr_line' id='line_1_16' title="bbox 498 2793 2324 2914; baseline -0.003 -27"><span class='ocrx_word' id='word_1_128' title='bbox 498 2797 652 2887; x_wconf 80' lang='lat' dir='ltr'><strong>ovar-iis</strong></span> <span class='ocrx_word' id='word_1_129' title='bbox 682 2797 861 2902; x_wconf 87' lang='lat' dir='ltr'><strong>caninis,</strong></span> <span class='ocrx_word' id='word_1_130' title='bbox 903 2795 1148 2882; x_wconf 78' lang='lat' dir='ltr'><strong>cunictdinis</strong></span> <span class='ocrx_word' id='word_1_131' title='bbox 1190 2811 1234 2882; x_wconf 91' lang='lat' dir='ltr'><strong>et</strong></span> <span class='ocrx_word' id='word_1_132' title='bbox 1262 2793 1455 2908; x_wconf 74' lang='lat' dir='ltr'><strong>pucinis.</strong></span> <span class='ocrx_word' id='word_1_133' title='bbox 1522 2794 1693 2880; x_wconf 80' lang='lat' dir='ltr'><strong>Indusic&#39;</strong></span> <span class='ocrx_word' id='word_1_134' title='bbox 1732 2811 1929 2908; x_wconf 85' lang='lat' dir='ltr'><strong>apertura</strong></span> <span class='ocrx_word' id='word_1_135' title='bbox 1959 2794 2069 2882; x_wconf 88' lang='lat' dir='ltr'><strong>enim</strong></span> <span class='ocrx_word' id='word_1_136' title='bbox 2098 2795 2232 2914; x_wconf 88' lang='lat' dir='ltr'><strong>major</strong></span> <span class='ocrx_word' id='word_1_137' title='bbox 2260 2814 2324 2882; x_wconf 88' lang='lat' dir='ltr'><strong>est</strong></span> 
     </span>
     <span class='ocr_line' id='line_1_17' title="bbox 500 2936 2325 3054; baseline 0.001 -27"><span class='ocrx_word' id='word_1_138' title='bbox 500 2940 707 3054; x_wconf 83' lang='lat' dir='ltr'><strong>cingitque</strong></span> <span class='ocrx_word' id='word_1_139' title='bbox 757 2937 1041 3053; x_wconf 85' lang='lat' dir='ltr'><strong>peristomium</strong></span> <span class='ocrx_word' id='word_1_140' title='bbox 1088 2936 1221 3054; x_wconf 67' lang='lat' dir='ltr'><strong>(ll&#39;ig.⁴</strong></span> <span class='ocrx_word' id='word_1_141' title='bbox 1240 2938 1367 3023; x_wconf 87' lang='lat' dir='ltr'><strong>XIV</strong></span> <span class='ocrx_word' id='word_1_142' title='bbox 1364 2936 1408 3050; x_wconf 90' lang='lat'><strong>.).</strong></span> <span class='ocrx_word' id='word_1_143' title='bbox 1486 2937 1779 3025; x_wconf 82' lang='lat' dir='ltr'><strong>Per-istomium</strong></span> <span class='ocrx_word' id='word_1_144' title='bbox 1827 2965 1928 3026; x_wconf 84' lang='lat' dir='ltr'><strong>vero</strong></span> <span class='ocrx_word' id='word_1_145' title='bbox 1976 2941 2153 3026; x_wconf 89' lang='lat' dir='ltr'><strong>eandem</strong></span> <span class='ocrx_word' id='word_1_146' title='bbox 2196 2941 2325 3028; x_wconf 86' lang='lat' dir='ltr'><strong>habet</strong></span> 
     </span>
     <span class='ocr_line' id='line_1_18' title="bbox 499 3055 2001 3196; baseline -0.002 -27"><span class='ocrx_word' id='word_1_147' title='bbox 499 3083 675 3172; x_wconf 77' lang='lat' dir='ltr'><strong>sormam</strong></span> <span class='ocrx_word' id='word_1_148' title='bbox 703 3110 754 3169; x_wconf 89' lang='lat' dir='ltr'><strong>ac</strong></span> <span class='ocrx_word' id='word_1_149' title='bbox 783 3082 929 3196; x_wconf 78' lang='lat' dir='ltr'><strong>stigma</strong></span> <span class='ocrx_word' id='word_1_150' title='bbox 971 3109 1097 3196; x_wconf 88' lang='lat' dir='ltr'><strong>supra</strong></span> <span class='ocrx_word' id='word_1_151' title='bbox 1126 3081 1378 3194; x_wconf 89' lang='lat' dir='ltr'><strong>descriptum</strong></span> <span class='ocrx_word' id='word_1_152' title='bbox 1407 3055 1738 3190; x_wconf 79' lang='lat' dir='ltr'><strong>necquidquam</strong></span> <span class='ocrx_word' id='word_1_153' title='bbox 1780 3081 1894 3166; x_wconf 89' lang='lat' dir='ltr'><strong>aliud</strong></span> <span class='ocrx_word' id='word_1_154' title='bbox 1925 3098 2001 3167; x_wconf 89' lang='lat' dir='ltr'><strong>est.</strong></span> 
     </span>
    </p>

    <p class='ocr_par' dir='ltr' id='par_1_6' title="bbox 654 3223 2324 3338">
     <span class='ocr_line' id='line_1_19' title="bbox 654 3223 2324 3338; baseline 0.001 -26"><span class='ocrx_word' id='word_1_155' title='bbox 654 3223 719 3312; x_wconf 49' lang='lat' dir='ltr'><strong>ds</strong></span> <span class='ocrx_word' id='word_1_156' title='bbox 760 3227 947 3338; x_wconf 84' lang='lat' dir='ltr'><strong>Expulso</strong></span> <span class='ocrx_word' id='word_1_157' title='bbox 975 3225 1184 3311; x_wconf 75' lang='lat' dir='ltr'><strong>vesiculae</strong></span> <span class='ocrx_word' id='word_1_158' title='bbox 1208 3223 1458 3311; x_wconf 85' lang='lat' dir='ltr'><strong>Graalianae</strong></span> <span class='ocrx_word' id='word_1_159' title='bbox 1480 3228 1631 3307; x_wconf 72' lang='lat' dir='ltr'><strong>amico</strong></span> <span class='ocrx_word' id='word_1_160' title='bbox 1659 3223 1777 3308; x_wconf 90' lang='lat' dir='ltr'><strong>fluidi</strong></span> <span class='ocrx_word' id='word_1_161' title='bbox 1801 3223 2049 3310; x_wconf 87' lang='lat' dir='ltr'><strong>albuminosi</strong></span> <span class='ocrx_word' id='word_1_162' title='bbox 2073 3224 2229 3334; x_wconf 87' lang='lat' dir='ltr'><strong>aliquid</strong></span> <span class='ocrx_word' id='word_1_163' title='bbox 2253 3255 2324 3313; x_wconf 89' lang='lat' dir='ltr'><strong>re-</strong></span> 
     </span>
    </p>
   </div>
   <div class='ocr_carea' id='block_1_3' title="bbox 500 3363 2354 4334">
    <p class='ocr_par' dir='ltr' id='par_1_7' title="bbox 500 3363 2354 4334">
     <span class='ocr_line' id='line_1_20' title="bbox 500 3363 2323 3488; baseline 0.001 -34"><span class='ocrx_word' id='word_1_164' title='bbox 500 3386 662 3474; x_wconf 82' lang='lat' dir='ltr'><strong>manet,</strong></span> <span class='ocrx_word' id='word_1_165' title='bbox 700 3394 758 3455; x_wconf 87' lang='lat' dir='ltr'><strong>ex</strong></span> <span class='ocrx_word' id='word_1_166' title='bbox 788 3391 872 3477; x_wconf 86' lang='lat' dir='ltr'><strong>quo</strong></span> <span class='ocrx_word' id='word_1_167' title='bbox 897 3393 998 3454; x_wconf 88' lang='lat' dir='ltr'><strong>vero</strong></span> <span class='ocrx_word' id='word_1_168' title='bbox 1022 3393 1232 3477; x_wconf 88' lang='lat' dir='ltr'><strong>nunquam</strong></span> <span class='ocrx_word' id='word_1_169' title='bbox 1257 3363 1443 3478; x_wconf 78' lang='lat' dir='ltr'><strong>conponis</strong></span> <span class='ocrx_word' id='word_1_170' title='bbox 1472 3364 1573 3451; x_wconf 90' lang='lat' dir='ltr'><strong>lutei</strong></span> <span class='ocrx_word' id='word_1_171' title='bbox 1602 3393 1780 3452; x_wconf 88' lang='lat' dir='ltr'><strong>massam</strong></span> <span class='ocrx_word' id='word_1_172' title='bbox 1805 3367 1948 3488; x_wconf 82' lang='lat' dir='ltr'><strong>augeri</strong></span> <span class='ocrx_word' id='word_1_173' title='bbox 1978 3365 2076 3453; x_wconf 89' lang='lat' dir='ltr'><strong>inde</strong></span> <span class='ocrx_word' id='word_1_174' title='bbox 2104 3370 2323 3474; x_wconf 90' lang='lat' dir='ltr'><strong>concludo,</strong></span> 
     </span>
     <span class='ocr_line' id='line_1_21' title="bbox 502 3507 2325 3626; baseline 0.002 -29"><span class='ocrx_word' id='word_1_175' title='bbox 502 3511 614 3620; x_wconf 91' lang='lat' dir='ltr'><strong>quod</strong></span> <span class='ocrx_word' id='word_1_176' title='bbox 672 3509 716 3623; x_wconf 88' lang='lat'><strong>1)</strong></span> <span class='ocrx_word' id='word_1_177' title='bbox 749 3509 988 3621; x_wconf 89' lang='lat' dir='ltr'><strong>superficies</strong></span> <span class='ocrx_word' id='word_1_178' title='bbox 1034 3509 1203 3626; x_wconf 89' lang='lat' dir='ltr'><strong>hujusce</strong></span> <span class='ocrx_word' id='word_1_179' title='bbox 1244 3509 1409 3595; x_wconf 91' lang='lat' dir='ltr'><strong>interna</strong></span> <span class='ocrx_word' id='word_1_180' title='bbox 1437 3533 1603 3619; x_wconf 87' lang='lat' dir='ltr'><strong>semper</strong></span> <span class='ocrx_word' id='word_1_181' title='bbox 1638 3508 1809 3594; x_wconf 88' lang='lat' dir='ltr'><strong>definite</strong></span> <span class='ocrx_word' id='word_1_182' title='bbox 1847 3507 2156 3624; x_wconf 86' lang='lat' dir='ltr'><strong>circumscripta</strong></span> <span class='ocrx_word' id='word_1_183' title='bbox 2192 3511 2245 3599; x_wconf 91' lang='lat' dir='ltr'><strong>sit</strong></span> <span class='ocrx_word' id='word_1_184' title='bbox 2279 3511 2325 3602; x_wconf 87' lang='lat' dir='ltr'><strong>in</strong></span> 
     </span>
     <span class='ocr_line' id='line_1_22' title="bbox 501 3649 2324 3767; baseline 0.002 -28"><span class='ocrx_word' id='word_1_185' title='bbox 501 3677 762 3762; x_wconf 86' lang='lat' dir='ltr'><strong>quacumque</strong></span> <span class='ocrx_word' id='word_1_186' title='bbox 791 3650 1125 3764; x_wconf 78' lang='lat' dir='ltr'><strong>protuberantia3</strong></span> <span class='ocrx_word' id='word_1_187' title='bbox 1156 3649 1204 3763; x_wconf 84' lang='lat'><strong>2)</strong></span> <span class='ocrx_word' id='word_1_188' title='bbox 1229 3649 1469 3763; x_wconf 89' lang='lat' dir='ltr'><strong>saepissime</strong></span> <span class='ocrx_word' id='word_1_189' title='bbox 1497 3649 1544 3736; x_wconf 90' lang='lat' dir='ltr'><strong>in</strong></span> <span class='ocrx_word' id='word_1_190' title='bbox 1573 3649 1715 3736; x_wconf 84' lang='lat' dir='ltr'><strong>suibus</strong></span> <span class='ocrx_word' id='word_1_191' title='bbox 1745 3677 1923 3764; x_wconf 89' lang='lat' dir='ltr'><strong>corpora</strong></span> <span class='ocrx_word' id='word_1_192' title='bbox 1952 3655 2066 3738; x_wconf 89' lang='lat' dir='ltr'><strong>lutea</strong></span> <span class='ocrx_word' id='word_1_193' title='bbox 2094 3680 2173 3767; x_wconf 91' lang='lat' dir='ltr'><strong>per</strong></span> <span class='ocrx_word' id='word_1_194' title='bbox 2194 3671 2324 3742; x_wconf 89' lang='lat' dir='ltr'><strong>totam</strong></span> 
     </span>
     <span class='ocr_line' id='line_1_23' title="bbox 503 3793 2325 3908; baseline 0.002 -28"><span class='ocrx_word' id='word_1_195' title='bbox 503 3795 790 3908; x_wconf 84' lang='lat' dir='ltr'><strong>graviditatem</strong></span> <span class='ocrx_word' id='word_1_196' title='bbox 831 3823 934 3881; x_wconf 89' lang='lat' dir='ltr'><strong>cava</strong></span> <span class='ocrx_word' id='word_1_197' title='bbox 972 3811 1014 3881; x_wconf 89' lang='lat' dir='ltr'><strong>et</strong></span> <span class='ocrx_word' id='word_1_198' title='bbox 1042 3793 1170 3880; x_wconf 90' lang='lat' dir='ltr'><strong>fluido</strong></span> <span class='ocrx_word' id='word_1_199' title='bbox 1202 3794 1337 3906; x_wconf 89' lang='lat' dir='ltr'><strong>spisso</strong></span> <span class='ocrx_word' id='word_1_200' title='bbox 1377 3793 1638 3881; x_wconf 88' lang='lat' dir='ltr'><strong>albuminoso</strong></span> <span class='ocrx_word' id='word_1_201' title='bbox 1682 3794 1854 3905; x_wconf 90' lang='lat' dir='ltr'><strong>impleta</strong></span> <span class='ocrx_word' id='word_1_202' title='bbox 1881 3793 2171 3902; x_wconf 85' lang='lat' dir='ltr'><strong>inveniantur,</strong></span> <span class='ocrx_word' id='word_1_203' title='bbox 2226 3799 2325 3883; x_wconf 93' lang='lat' dir='ltr'><strong>dum</strong></span> 
     </span>
     <span class='ocr_line' id='line_1_24' title="bbox 504 3935 2354 4061; baseline -0.001 -39"><span class='ocrx_word' id='word_1_204' title='bbox 504 3936 713 4022; x_wconf 76' lang='lat' dir='ltr'><strong>alantur</strong></span> <span class='ocrx_word' id='word_1_205' title='bbox 745 3937 891 4023; x_wconf 87' lang='lat' dir='ltr'><strong>solida.</strong></span> <span class='ocrx_word' id='word_1_206' title='bbox 958 3939 1049 4023; x_wconf 90' lang='lat' dir='ltr'><strong>lloc</strong></span> <span class='ocrx_word' id='word_1_207' title='bbox 1078 3937 1177 4020; x_wconf 90' lang='lat' dir='ltr'><strong>inde</strong></span> <span class='ocrx_word' id='word_1_208' title='bbox 1207 3939 1393 4048; x_wconf 87' lang='lat' dir='ltr'><strong>pendere</strong></span> <span class='ocrx_word' id='word_1_209' title='bbox 1429 3936 1619 4040; x_wconf 81' lang='lat' dir='ltr'><strong>videutr,</strong></span> <span class='ocrx_word' id='word_1_210' title='bbox 1668 3937 1780 4044; x_wconf 89' lang='lat' dir='ltr'><strong>quod</strong></span> <span class='ocrx_word' id='word_1_211' title='bbox 1810 3935 1855 4020; x_wconf 91' lang='lat' dir='ltr'><strong>in</strong></span> <span class='ocrx_word' id='word_1_212' title='bbox 1885 3936 1978 4022; x_wconf 89' lang='lat' dir='ltr'><strong>aliis</strong></span> <span class='ocrx_word' id='word_1_213' title='bbox 2006 3937 2193 4061; x_wconf 85' lang='lat' dir='ltr'><strong>corporis</strong></span> <span class='ocrx_word' id='word_1_214' title='bbox 2221 3941 2324 4026; x_wconf 90' lang='lat' dir='ltr'><strong>lutei</strong></span> <span class='ocrx_word' id='word_1_215' title='bbox 2350 4017 2354 4020; x_wconf 83' lang='lat'>.</span> 
     </span>
     <span class='ocr_line' id='line_1_25' title="bbox 503 4075 2325 4192; baseline 0.003 -27"><span class='ocrx_word' id='word_1_216' title='bbox 503 4078 816 4166; x_wconf 78' lang='lat' dir='ltr'><strong>excrescendas</strong></span> <span class='ocrx_word' id='word_1_217' title='bbox 857 4075 1227 4192; x_wconf 82' lang='lat' dir='ltr'><strong>(pmnrberantiae)</strong></span> <span class='ocrx_word' id='word_1_218' title='bbox 1268 4077 1459 4165; x_wconf 91' lang='lat' dir='ltr'><strong>internae</strong></span> <span class='ocrx_word' id='word_1_219' title='bbox 1509 4076 1729 4164; x_wconf 89' lang='lat' dir='ltr'><strong>cavitatem</strong></span> <span class='ocrx_word' id='word_1_220' title='bbox 1785 4082 2022 4192; x_wconf 81' lang='lat' dir='ltr'><strong>compleant</strong></span> <span class='ocrx_word' id='word_1_221' title='bbox 2068 4097 2112 4167; x_wconf 89' lang='lat' dir='ltr'><strong>et</strong></span> <span class='ocrx_word' id='word_1_222' title='bbox 2152 4081 2325 4170; x_wconf 86' lang='lat' dir='ltr'><strong>liuidum</strong></span> 
     </span>
     <span class='ocr_line' id='line_1_26' title="bbox 506 4219 2326 4334; baseline 0.002 -26"><span class='ocrx_word' id='word_1_223' title='bbox 506 4225 743 4334; x_wconf 88' lang='lat' dir='ltr'><strong>propellant</strong></span> <span class='ocrx_word' id='word_1_224' title='bbox 778 4237 1002 4333; x_wconf 87' lang='lat' dir='ltr'><strong>antequam</strong></span> <span class='ocrx_word' id='word_1_225' title='bbox 1031 4220 1207 4308; x_wconf 90' lang='lat' dir='ltr'><strong>laciniae</strong></span> <span class='ocrx_word' id='word_1_226' title='bbox 1229 4219 1458 4334; x_wconf 80' lang='lat' dir='ltr'><strong>peristomii</strong></span> <span class='ocrx_word' id='word_1_227' title='bbox 1486 4219 1787 4326; x_wconf 76' lang='lat' dir='ltr'><strong>concreverint,</strong></span> <span class='ocrx_word' id='word_1_228' title='bbox 1828 4221 1873 4308; x_wconf 95' lang='lat' dir='ltr'><strong>in</strong></span> <span class='ocrx_word' id='word_1_229' title='bbox 1901 4221 1995 4308; x_wconf 87' lang='lat' dir='ltr'><strong>aliis</strong></span> <span class='ocrx_word' id='word_1_230' title='bbox 2023 4222 2200 4311; x_wconf 88' lang='lat' dir='ltr'><strong>laciniae</strong></span> <span class='ocrx_word' id='word_1_231' title='bbox 2223 4249 2326 4312; x_wconf 90' lang='lat' dir='ltr'><strong>cou-</strong></span> 
     </span>
    </p>
   </div>
   <div class='ocr_carea' id='block_1_4' title="bbox 504 4363 2326 5480">
    <p class='ocr_par' dir='ltr' id='par_1_8' title="bbox 504 4363 2326 4908">
     <span class='ocr_line' id='line_1_27' title="bbox 505 4363 2326 4478; baseline 0.003 -28"><span class='ocrx_word' id='word_1_232' title='bbox 505 4379 696 4450; x_wconf 85' lang='lat' dir='ltr'><strong>cresoant</strong></span> <span class='ocrx_word' id='word_1_233' title='bbox 725 4380 823 4449; x_wconf 87' lang='lat' dir='ltr'><strong>ante</strong></span> <span class='ocrx_word' id='word_1_234' title='bbox 852 4365 1039 4477; x_wconf 74' lang='lat' dir='ltr'><strong>corporis</strong></span> <span class='ocrx_word' id='word_1_235' title='bbox 1073 4363 1326 4452; x_wconf 85' lang='lat' dir='ltr'><strong>soliditatem</strong></span> <span class='ocrx_word' id='word_1_236' title='bbox 1364 4363 1480 4451; x_wconf 89' lang='lat' dir='ltr'><strong>lutei.</strong></span> <span class='ocrx_word' id='word_1_237' title='bbox 1546 4365 1771 4474; x_wconf 85' lang='lat' dir='ltr'><strong>Nunquam</strong></span> <span class='ocrx_word' id='word_1_238' title='bbox 1812 4363 1923 4450; x_wconf 88' lang='lat' dir='ltr'><strong>enim</strong></span> <span class='ocrx_word' id='word_1_239' title='bbox 1960 4380 2155 4478; x_wconf 82' lang='lat' dir='ltr'><strong>apertura</strong></span> <span class='ocrx_word' id='word_1_240' title='bbox 2181 4369 2326 4456; x_wconf 85' lang='lat' dir='ltr'><strong>clausa</strong></span> 
     </span>
     <span class='ocr_line' id='line_1_28' title="bbox 504 4505 2325 4620; baseline 0.004 -29"><span class='ocrx_word' id='word_1_241' title='bbox 504 4508 657 4592; x_wconf 86' lang='lat' dir='ltr'><strong>lttunor</strong></span> <span class='ocrx_word' id='word_1_242' title='bbox 683 4505 739 4620; x_wconf 45' lang='lat' dir='ltr'><strong>in,</strong></span> <span class='ocrx_word' id='word_1_243' title='bbox 769 4531 924 4617; x_wconf 87' lang='lat' dir='ltr'><strong>corpus</strong></span> <span class='ocrx_word' id='word_1_244' title='bbox 958 4509 1116 4592; x_wconf 91' lang='lat' dir='ltr'><strong>luteum</strong></span> <span class='ocrx_word' id='word_1_245' title='bbox 1156 4505 1339 4592; x_wconf 89' lang='lat' dir='ltr'><strong>inclusus</strong></span> <span class='ocrx_word' id='word_1_246' title='bbox 1380 4522 1574 4592; x_wconf 77' lang='lat' dir='ltr'><strong>mutatum.</strong></span> <span class='ocrx_word' id='word_1_247' title='bbox 1649 4507 1699 4590; x_wconf 91' lang='lat' dir='ltr'><strong>ln</strong></span> <span class='ocrx_word' id='word_1_248' title='bbox 1728 4506 1904 4594; x_wconf 82' lang='lat' dir='ltr'><strong>canibus</strong></span> <span class='ocrx_word' id='word_1_249' title='bbox 1946 4523 1990 4594; x_wconf 88' lang='lat' dir='ltr'><strong>et</strong></span> <span class='ocrx_word' id='word_1_250' title='bbox 2024 4509 2325 4599; x_wconf 58' lang='lat' dir='ltr'><strong>minandum</strong></span> 
     </span>
     <span class='ocr_line' id='line_1_29' title="bbox 504 4646 2324 4762; baseline 0.003 -28"><span class='ocrx_word' id='word_1_251' title='bbox 504 4673 682 4762; x_wconf 90' lang='lat' dir='ltr'><strong>corpora</strong></span> <span class='ocrx_word' id='word_1_252' title='bbox 712 4651 847 4754; x_wconf 88' lang='lat' dir='ltr'><strong>lutea,</strong></span> <span class='ocrx_word' id='word_1_253' title='bbox 896 4648 933 4736; x_wconf 91' lang='lat' dir='ltr'><strong>si</strong></span> <span class='ocrx_word' id='word_1_254' title='bbox 960 4652 1103 4736; x_wconf 89' lang='lat' dir='ltr'><strong>clausa</strong></span> <span class='ocrx_word' id='word_1_255' title='bbox 1133 4663 1272 4752; x_wconf 91' lang='lat' dir='ltr'><strong>erant,</strong></span> <span class='ocrx_word' id='word_1_256' title='bbox 1327 4675 1431 4736; x_wconf 87' lang='lat' dir='ltr'><strong>cava</strong></span> <span class='ocrx_word' id='word_1_257' title='bbox 1471 4673 1539 4733; x_wconf 88' lang='lat' dir='ltr'><strong>me</strong></span> <span class='ocrx_word' id='word_1_258' title='bbox 1567 4646 1778 4736; x_wconf 89' lang='lat' dir='ltr'><strong>invenisse</strong></span> <span class='ocrx_word' id='word_1_259' title='bbox 1817 4677 1905 4738; x_wconf 88' lang='lat' dir='ltr'><strong>non</strong></span> <span class='ocrx_word' id='word_1_260' title='bbox 1932 4651 2101 4738; x_wconf 88' lang='lat' dir='ltr'><strong>memini</strong></span> <span class='ocrx_word' id='word_1_261' title='bbox 2113 4681 2126 4740; x_wconf 71' lang='grc' dir='ltr'><strong>ε</strong></span> <span class='ocrx_word' id='word_1_262' title='bbox 2185 4652 2230 4738; x_wconf 94' lang='lat' dir='ltr'><strong>in</strong></span> <span class='ocrx_word' id='word_1_263' title='bbox 2258 4653 2324 4740; x_wconf 80' lang='lat' dir='ltr'><strong>nis</strong></span> 
     </span>
     <span class='ocr_line' id='line_1_30' title="bbox 506 4790 1584 4908; baseline -0.001 -30"><span class='ocrx_word' id='word_1_264' title='bbox 506 4809 702 4904; x_wconf 79' lang='lat' dir='ltr'><strong>spernus</strong></span> <span class='ocrx_word' id='word_1_265' title='bbox 731 4791 921 4905; x_wconf 88' lang='lat' dir='ltr'><strong>primitus</strong></span> <span class='ocrx_word' id='word_1_266' title='bbox 947 4791 1079 4908; x_wconf 90' lang='lat' dir='ltr'><strong>major</strong></span> <span class='ocrx_word' id='word_1_267' title='bbox 1107 4807 1172 4879; x_wconf 87' lang='lat' dir='ltr'><strong>est</strong></span> <span class='ocrx_word' id='word_1_268' title='bbox 1199 4819 1326 4900; x_wconf 87' lang='lat' dir='ltr'><strong>quam</strong></span> <span class='ocrx_word' id='word_1_269' title='bbox 1353 4790 1399 4877; x_wconf 88' lang='lat' dir='ltr'><strong>in</strong></span> <span class='ocrx_word' id='word_1_270' title='bbox 1428 4790 1584 4879; x_wconf 86' lang='lat' dir='ltr'><strong>suibus.</strong></span> 
     </span>
    </p>

    <p class='ocr_par' dir='ltr' id='par_1_9' title="bbox 506 4929 2326 5480">
     <span class='ocr_line' id='line_1_31' title="bbox 658 4929 2324 5048; baseline 0.005 -30"><span class='ocrx_word' id='word_1_271' title='bbox 658 4929 705 5018; x_wconf 83' lang='grc'><strong>4.</strong></span> <span class='ocrx_word' id='word_1_272' title='bbox 766 4933 927 5048; x_wconf 83' lang='lat' dir='ltr'><strong>Corpus</strong></span> <span class='ocrx_word' id='word_1_273' title='bbox 953 4931 1109 5023; x_wconf 88' lang='lat' dir='ltr'><strong>luteum</strong></span> <span class='ocrx_word' id='word_1_274' title='bbox 1140 4935 1279 5022; x_wconf 88' lang='lat' dir='ltr'><strong>statim</strong></span> <span class='ocrx_word' id='word_1_275' title='bbox 1307 4952 1402 5048; x_wconf 90' lang='lat' dir='ltr'><strong>post</strong></span> <span class='ocrx_word' id='word_1_276' title='bbox 1430 4934 1542 5022; x_wconf 90' lang='lat' dir='ltr'><strong>ovuli</strong></span> <span class='ocrx_word' id='word_1_277' title='bbox 1578 4935 1822 5048; x_wconf 82' lang='lat' dir='ltr'><strong>ejectionem</strong></span> <span class='ocrx_word' id='word_1_278' title='bbox 1852 4935 1984 5022; x_wconf 88' lang='lat' dir='ltr'><strong>adest.</strong></span> <span class='ocrx_word' id='word_1_279' title='bbox 2044 4937 2092 5020; x_wconf 88' lang='lat' dir='ltr'><strong>ln</strong></span> <span class='ocrx_word' id='word_1_280' title='bbox 2123 4962 2175 5024; x_wconf 86' lang='lat' dir='ltr'><strong>ea</strong></span> <span class='ocrx_word' id='word_1_281' title='bbox 2204 4929 2324 5045; x_wconf 79' lang='lat' dir='ltr'><strong>cane,</strong></span> 
     </span>
     <span class='ocr_line' id='line_1_32' title="bbox 506 5077 2326 5189; baseline 0.004 -27"><span class='ocrx_word' id='word_1_282' title='bbox 506 5101 617 5184; x_wconf 83' lang='lat' dir='ltr'><strong>quae</strong></span> <span class='ocrx_word' id='word_1_283' title='bbox 658 5101 739 5163; x_wconf 87' lang='lat' dir='ltr'><strong>ova</strong></span> <span class='ocrx_word' id='word_1_284' title='bbox 774 5102 830 5162; x_wconf 87' lang='lat' dir='ltr'><strong>ex</strong></span> <span class='ocrx_word' id='word_1_285' title='bbox 873 5077 983 5163; x_wconf 90' lang='lat' dir='ltr'><strong>tubis</strong></span> <span class='ocrx_word' id='word_1_286' title='bbox 1029 5077 1389 5189; x_wconf 85' lang='lat' dir='ltr'><strong>suppeditaverat,</strong></span> <span class='ocrx_word' id='word_1_287' title='bbox 1445 5103 1594 5188; x_wconf 88' lang='lat' dir='ltr'><strong>corpus</strong></span> <span class='ocrx_word' id='word_1_288' title='bbox 1635 5079 1791 5163; x_wconf 89' lang='lat' dir='ltr'><strong>luteum</strong></span> <span class='ocrx_word' id='word_1_289' title='bbox 1833 5077 1975 5163; x_wconf 90' lang='lat' dir='ltr'><strong>inveni</strong></span> <span class='ocrx_word' id='word_1_290' title='bbox 2013 5105 2186 5186; x_wconf 86' lang='lat' dir='ltr'><strong>cavttm,</strong></span> <span class='ocrx_word' id='word_1_291' title='bbox 2239 5085 2326 5170; x_wconf 84' lang='lat' dir='ltr'><strong>late</strong></span> 
     </span>
     <span class='ocr_line' id='line_1_33' title="bbox 506 5219 2325 5338; baseline 0.005 -35"><span class='ocrx_word' id='word_1_292' title='bbox 506 5233 717 5330; x_wconf 87' lang='lat' dir='ltr'><strong>apertum,</strong></span> <span class='ocrx_word' id='word_1_293' title='bbox 764 5243 851 5305; x_wconf 88' lang='lat' dir='ltr'><strong>non</strong></span> <span class='ocrx_word' id='word_1_294' title='bbox 881 5221 1004 5307; x_wconf 88' lang='lat' dir='ltr'><strong>valde</strong></span> <span class='ocrx_word' id='word_1_295' title='bbox 1032 5245 1237 5323; x_wconf 75' lang='lat' dir='ltr'><strong>crassum,</strong></span> <span class='ocrx_word' id='word_1_296' title='bbox 1286 5219 1504 5332; x_wconf 76' lang='lat' dir='ltr'><strong>superlicio</strong></span> <span class='ocrx_word' id='word_1_297' title='bbox 1534 5237 1708 5306; x_wconf 88' lang='lat' dir='ltr'><strong>externa</strong></span> <span class='ocrx_word' id='word_1_298' title='bbox 1745 5237 1937 5332; x_wconf 83' lang='lat' dir='ltr'><strong>rugatum</strong></span> <span class='ocrx_word' id='word_1_299' title='bbox 1979 5223 2119 5334; x_wconf 62' lang='lat' dir='ltr'><strong>(mam</strong></span> <span class='ocrx_word' id='word_1_300' title='bbox 2148 5225 2325 5338; x_wconf 88' lang='lat' dir='ltr'><strong>superli-</strong></span> 
     </span>
     <span class='ocr_line' id='line_1_34' title="bbox 507 5357 2324 5480; baseline 0.005 -36"><span class='ocrx_word' id='word_1_301' title='bbox 507 5357 613 5444; x_wconf 90' lang='lat' dir='ltr'><strong>ciem</strong></span> <span class='ocrx_word' id='word_1_302' title='bbox 641 5389 816 5475; x_wconf 88' lang='lat' dir='ltr'><strong>corpora</strong></span> <span class='ocrx_word' id='word_1_303' title='bbox 845 5361 1140 5450; x_wconf 74' lang='lat' dir='ltr'><strong>numinensium</strong></span> <span class='ocrx_word' id='word_1_304' title='bbox 1169 5365 1283 5450; x_wconf 89' lang='lat' dir='ltr'><strong>lutea</strong></span> <span class='ocrx_word' id='word_1_305' title='bbox 1312 5390 1483 5451; x_wconf 86' lang='lat' dir='ltr'><strong>servare</strong></span> <span class='ocrx_word' id='word_1_306' title='bbox 1512 5367 1673 5466; x_wconf 90' lang='lat' dir='ltr'><strong>solent,</strong></span> <span class='ocrx_word' id='word_1_307' title='bbox 1721 5363 1834 5446; x_wconf 90' lang='lat' dir='ltr'><strong>unde</strong></span> <span class='ocrx_word' id='word_1_308' title='bbox 1865 5389 1973 5450; x_wconf 87' lang='lat' dir='ltr'><strong>vana</strong></span> <span class='ocrx_word' id='word_1_309' title='bbox 2002 5365 2075 5452; x_wconf 88' lang='lat' dir='ltr'><strong>illa</strong></span> <span class='ocrx_word' id='word_1_310' title='bbox 2104 5391 2324 5480; x_wconf 83' lang='lat' dir='ltr'><strong>compara-</strong></span> 
     </span>
    </p>
   </div>
   <div class='ocr_carea' id='block_1_5' title="bbox 0 0 2655 6564">
    <p class='ocr_par' dir='ltr' id='par_1_10' title="bbox 0 0 2655 6564">
     <span class='ocr_line' id='line_1_35' title="bbox 0 0 2655 6564; baseline 0 0"><span class='ocrx_word' id='word_1_311' title='bbox 0 0 2655 6564; x_wconf 95' lang='lat' dir='ltr'><strong> </strong></span> 
     </span>
    </p>
   </div>
  </div>
 </body>
</html>
