5284 6572
817 663 1269 750 ----31

328 927 495 1016 semper
530 901 764 987 olamtatem
799 899 977 1005 aflerat,
1019 903 1197 987 eandem
1239 925 1353 1005 rem,
1390 927 1650 1010 quacumque
1679 907 1757 988 sub
1797 902 1925 989 forma
1964 920 2152 1038 apparqt,
2218 950 2245 994 a
2262 934 2291 978 a

329 1046 478 1132 eodem
506 1043 674 1131 nomine
703 1043 895 1156 signare,
925 1071 1029 1130 voce
1057 1044 1120 1130 uti
1149 1044 1289 1148 velim,
1319 1069 1429 1152 quae
1456 1043 1613 1182 ubique
1641 1044 1881 1130 adhibenda
1925 1045 1991 1130 sit.
2050 1048 2153 1132 Vox

331 1187 724 1299 ,sarcocarpium“,
767 1215 794 1273 a
830 1189 1057 1274 llrcflsnn
1093 1214 1171 1298 pro
1201 1188 1535 1298 parenchymate
1554 1186 1776 1298 pericarpii
1807 1187 1872 1302 (et
1902 1187 2000 1274 inde
2029 1187 2156 1274 etiam

330 1325 551 1442 germinis)
570 1331 807 1440 plantarum
830 1327 1105 1442 propositain
1127 1329 1323 1414 animalia
1346 1356 1432 1414 non
1456 1329 1557 1414 satis
1580 1331 1790 1439 quadrare
1813 1329 1998 1432 videtum
2029 1331 2156 1414 aliern

329 1499 430 1584 ergo
454 1474 508 1557 de
530 1471 778 1584 mycophilis
806 1473 1033 1584 desmnam,
1062 1483 1227 1559 atroam
1257 1470 1453 1587 (chcr)
1484 1472 1655 1558 seilicet.
1705 1472 1879 1558 Strcmo
1902 1499 1996 1557 cum
2022 1471 2155 1558 orarii

329 1614 497 1700 indtaio
527 1613 571 1698 id
608 1603 842 1719 constituit,
885 1617 998 1723 quod
1039 1616 1278 1702 Bononcn
1315 1613 1360 1700 in
1390 1614 1581 1701 omnibus
1617 1615 1784 1726 organis
1820 1614 2049 1727 proliferis,
2087 1616 2156 1698 vel

332 1784 411 1844 ova
441 1757 613 1845 foveant
641 1759 710 1842 vel
738 1784 900 1868 sporas,
929 1757 1151 1842 matricem
1178 1756 1378 1843 nominat.
1439 1758 1536 1845 Ova
1558 1757 1756 1842 stromcti
1778 1761 1846 1843 vel
1875 1758 2019 1841 innata
2045 1771 2154 1859 sunt,

331 1917 376 1988 ut
404 1900 450 1986 in
479 1900 669 2012 pluribus
698 1898 969 2001 animalibus3
997 1904 1067 1986 rel
1096 1897 1300 2011 imposita,
1330 1914 1376 1985 ut
1405 1900 1450 1984 in
1478 1899 1765 2003 llirudinibus,
1796 1927 1972 2008 quarrun
1993 1911 2156 1983 stromat

330 2043 583 2155 singtrlarem
606 2043 770 2128 filorum
795 2041 1044 2128 crassiorum
1074 2041 1251 2127 sormam
1281 2041 1430 2146 habet,
1461 2041 1643 2128 distante
1671 2040 1853 2127 indusio.
1909 2043 2006 2130 Ova
2028 2067 2155 2153 prae-

330 2202 445 2278 terea
483 2186 552 2272 vcl
588 2183 721 2270 ticccie
759 2185 1027 2270 continentur
1070 2181 1139 2298 (in
1167 2183 1356 2295 plurimis
1385 2180 1683 2297 animalibus),
1713 2184 1864 2270 veliis
1904 2199 2051 2271 carent
2089 2181 2156 2297 (in

187 2399 190 2404 ,
334 2327 624 2431 annelidibus,
654 2325 1033 2438 acantbocephalis,
1063 2325 1363 2412 trematodrbus
1391 2323 1605 2441 aliisque).
1671 2326 1843 2412 lbcccc
1870 2325 2052 2435 denique
2087 2327 2156 2410 rel

331 2498 413 2558 ονο
453 2470 604 2579 cuique
644 2484 743 2556 sunt
778 2468 1017 2582 propt-icc,
1059 2495 1170 2578 quae
1210 2495 1300 2573 res,
1342 2469 1389 2555 ni
1437 2469 1586 2574 fallor,
1628 2470 1684 2555 de
1724 2468 1972 2555 animalibus
2012 2483 2155 2555 verte·

330 2612 460 2699 bratis
490 2612 682 2698 omnibus
711 2615 837 2716 valet,
867 2611 1110 2723 pluribusve
1139 2611 1231 2736 ovis
1259 2639 1510 2698 comma.
1575 2611 1749 2698 sscccc
1771 2641 2008 2696 emmona
2030 2635 2156 2724 prae·

329 2773 396 2842 ter
424 2783 504 2842 ova
532 2779 715 2842 massam
742 2753 958 2840 continent
985 2755 1203 2840 atromctic
1238 2755 1355 2841 vices
1391 2782 1467 2867 pro
1502 2754 1677 2866 singulis
1715 2754 1804 2840 ovis
1833 2771 2067 2866 gerentem,
2111 2769 2156 2840 et

329 2897 574 3012 sporctrgiis
610 2896 899 2984 botanicorum
938 2895 1275 3008 aequiparandae
1315 2912 1425 2982 siunt.
1496 2898 1707 2982 Inclusum
1742 2895 1847 2982 illud
1884 2914 2039 2984 stroma
2077 2899 2154 2982 sub

329 3041 546 3126 strotnctcb
573 3038 734 3124 bdctrti
761 3039 986 3126 nominee
1021 3050 1232 3125 stromate
1258 3051 1396 3125 extra
1423 3042 1569 3123 tltcccs
1605 3039 1740 3151 posito
1769 3039 1974 3126 discerno.
2041 3040 2154 3124 'ttae-

331 3213 410 3270 ccc
439 3209 689 3285 cotnmmtea,
720 3197 918 3290 qrrantum
948 3182 1050 3286 scio,
1081 3207 1292 3290 nunquam
1321 3207 1415 3266 etun
1445 3180 1579 3268 orarii
1606 3181 1772 3268 indusio
1801 3197 2022 3269 emcretae
2043 3197 2153 3285 sunt,

331 3353 477 3413 verum
506 3339 628 3436 partu
656 3323 878 3439 ejiciuntur
907 3351 1002 3410 cunr
1043 3339 1250 3410 stromate
1276 3322 1456 3413 interno.
1488 3325 1565 3410 ln
1606 3325 1818 3438 acephalis
1858 3329 1965 3414 tales
2005 3326 2156 3408 tbccoc

329 3495 569 3555 commatice
609 3465 858 3554 manifestae
893 3483 1112 3580 apparent.
1173 3466 1290 3578 Ouid
1318 3483 1460 3553 amen
1487 3467 1543 3552 de
1571 3467 1744 3554 insectis
1773 3467 1974 3573 sentiam,
2003 3465 2156 3552 dubius

332 3612 468 3697 adhuc
496 3635 603 3695 sam.
664 3607 824 3696 Ovaria
853 3609 979 3721 igitur
1005 3609 1066 3696 ita
1093 3610 1207 3696 diota
1234 3635 1313 3722 pro
1348 3609 1475 3695 meris
1509 3611 1642 3694 tltect'c
1681 3637 1889 3698 sumerem
1924 3608 2154 3696 corruncani·

332 3757 422 3858 bata,
453 3751 513 3840 sie
542 3766 590 3837 ut
617 3766 786 3838 oroma
802 3767 1023 3838 extermnn
1051 3751 1220 3838 omnino
1248 3754 1428 3855 deesset,
1458 3767 1503 3838 et
1531 3751 1707 3838 materia
1731 3755 1905 3865 pulposa
1935 3752 2048 3838 inter
2075 3777 2155 3838 ova

331 3899 411 3986 sub
451 3894 578 3980 variis
618 3893 764 3980 formis
806 3891 954 4008 (modo
995 3897 1136 3982 clavas
1176 3893 1388 3982 constituit
1426 3892 1537 3980 inter
1565 3920 1645 3981 ova
1681 3893 1796 3999 sitas,
1825 3897 1951 4001 modo
1980 3919 2156 4006 corpora
2261 3993 2266 4010 Ι
2321 3979 2327 3996 ,
2399 3973 2405 3986 ,
2483 3941 2489 3952 ·

333 4038 541 4146 utrimque
571 4052 789 4140 excavata,
819 4035 994 4149 pbeium
1021 4035 1228 4124 vertebris
1256 4035 1473 4142 similinus,
1503 4038 1629 4124 modo
1660 4037 1829 4124 omnino
1859 4042 2008 4124 deesse
2037 4034 2155 4122 vidc-
2258 4031 2387 4090 ''²'‘
2486 4048 2492 4060 “

332 4180 424 4294 tur)
455 4178 718 4267 observanda
745 4179 962 4264 dramata
989 4179 1151 4264 merati
1178 4205 1334 4269 nomen
1362 4193 1607 4266 meror-ean.
1669 4177 1785 4264 llaec
1814 4179 1963 4266 suadet
1986 4177 2154 4266 orario-

331 4351 424 4410 rum
453 4347 669 4408 commus
697 4347 791 4408 cum
819 4347 921 4408 vase
950 4317 1107 4409 dorsali
1136 4325 1205 4408 vel
1230 4321 1376 4427 corde,
1404 4346 1484 4406 nec
1513 4345 1600 4407 non
1628 4319 1862 4428 indusium,
1899 4347 1983 4431 quo
2012 4321 2155 4407 oraria

332 4469 377 4552 in
412 4464 550 4550 erucis
584 4463 907 4550 circumdantur.
980 4463 1107 4576 Quod
1136 4463 1174 4552 si
1202 4491 1230 4550 a
1258 4489 1360 4551 vero
1388 4489 1475 4550 non
1503 4464 1704 4550 recedere
1734 4466 1928 4564 videtur,
1970 4465 2069 4573 quid
2100 4465 2155 4548 de

333 4605 634 4696 naemotoideis
675 4607 939 4700 ‹rcrrsendum¹
958 4605 1057 4695 esti
1098 4609 1150 4694 ln
1186 4606 1551 4719 acontbocepholis
1579 4633 1660 4692 ova
1700 4633 1863 4692 massae
1898 4604 2156 4692 semilluidae

333 4754 475 4838 innata
505 4764 615 4852 amc,
645 4773 769 4857 quac,
797 4775 894 4836 cum
921 4747 966 4834 in
994 4751 1127 4834 orarii
1155 4749 1336 4836 cavitate
1364 4749 1430 4851 sit,
1461 4750 1517 4833 ad
1545 4759 1709 4832 dmmc
1734 4749 1947 4832 inter-raon
1976 4747 2156 4834 insecto-

334 4921 426 4982 rum
456 4890 647 4990 aocedit,
679 4889 812 4974 tltccir
839 4915 942 4977 vero
971 4892 1258 4979 cormnunibus
1287 4915 1375 4976 non
1402 4887 1640 4975 includinrr.

486 5035 577 5123 Sed
613 5035 719 5120 haec
754 5031 961 5120 sufficiant
984 5036 1056 5119 xad
1099 5034 1244 5122 oraria
1285 5031 1568 5119 mammalium
1608 5036 1888 5144 comparanda
1932 5061 2156 5142 eorumque

334 5192 530 5267 contenta
564 5203 660 5262 cum
694 5174 837 5264 orario
874 5191 917 5262 et
953 5176 1044 5263 oris
1080 5176 1335 5286 reliquorum
1365 5175 1619 5262 animalium.
1678 5175 1853 5264 Stromc
1880 5177 2082 5262 babemus
2111 5175 2156 5259 in
2257 5217 2263 5226 ·

335 5317 622 5410 mammalibus
664 5317 872 5430 stipatum.
940 5315 1018 5403 Cui
1058 5318 1248 5404 suomati
1295 5318 1465 5403 innatae
1506 5334 1602 5404 sunt
1643 5317 1849 5404 vesiculae
1891 5317 2154 5421 Graalianae,

336 5491 444 5575 quae
474 5489 568 5549 cum
597 5458 852 5568 reliquorum
881 5459 1120 5546 animalium
1149 5459 1240 5549 ovis
1269 5476 1534 5574 comparatae
1563 5459 1710 5548 mnam
1751 5458 1953 5572 exhibent
1982 5487 2157 5546 concor-
