5284 6572
832 665 1287 756 mog
1352 717 1681 732 ...-....-..,

1199 947 1232 1067 o.
1265 947 1311 1034 c.

385 1125 767 1258 Comparatio
808 1134 971 1219 oooli
1009 1134 1395 1218 scommaticum
1436 1163 1552 1220 cuci
1596 1137 1718 1222 ocis
1759 1139 2127 1252 reliquorum

1070 1275 1450 1402 tract'moliura.¹

492 1485 642 1572 Relata
678 1485 716 1572 si
750 1502 845 1572 cum
879 1486 931 1573 iis
966 1513 1277 1599 comparamus,
1314 1511 1423 1594 quae
1459 1486 1514 1572 dc
1550 1487 1792 1572 animalium
1828 1490 1920 1576 ovis
1948 1493 2162 1605 hucusque

190 1619 194 1627 ’
340 1640 441 1712 nota
470 1643 617 1731 erant3
648 1653 729 1716 ova
757 1629 1053 1734 mammolium,
1084 1631 1139 1714 ad
1168 1629 1341 1741 genesin
1369 1629 1482 1737 quod
1506 1628 1667 1734 attinet,
1698 1656 1783 1716 non
1806 1630 1980 1734 differre
2001 1651 2163 1724 tautum

340 1769 416 1853 sed
446 1769 614 1858 omuino
643 1771 869 1882 peculiaria
899 1796 993 1859 esse
1021 1771 1230 1858 videntur.
1288 1773 1416 1858 Mens
1451 1771 1631 1856 lamnana
1662 1797 1762 1860 vero
1791 1777 1907 1862 nullo
1936 1779 2062 1864 modo
2090 1808 2163 1866 ac-

339 1910 516 2018 quiescit
542 1912 587 1998 in
616 1917 707 2000 sola
736 1913 979 2001 differ-cmm
1006 1914 1117 2000 inter
1145 1939 1215 2000 res
1243 1916 1458 1999 naturales
1482 1913 1668 2029 ejusdem
1689 1913 1900 2027 dignitatis
1925 1933 1968 2004 et
1990 1921 2162 2008 relatio-

270 2163 273 2169 ,
337 2051 407 2137 nis
436 2058 738 2166 cognoscenda.
799 2059 892 2145 Jam
921 2057 1078 2142 dudum
1107 2056 1248 2143 docuit
1275 2055 1588 2168 morphologiae
1611 2055 1806 2162 accium.
1836 2084 2001 2146 omnem
2024 2063 2162 2179 cujus-

340 2192 404 2280 vis
446 2197 593 2308 organi
645 2201 723 2311 (ne
763 2197 946 2286 omnium
986 2199 1173 2286 dicamus
1200 2193 1488 2311 organorum)
1537 2195 1817 2316 differentiam
1857 2200 1968 2288 inter
2009 2202 2163 2294 limites

339 2335 510 2453 majoris
550 2339 832 2426 similitudinis
871 2341 1021 2428 teneri.
1093 2337 1243 2452 Ouid?
1288 2341 1385 2440 Ova
1418 2340 1700 2426 mammalimn
1741 2341 1839 2426 huic
1879 2345 2095 2434 doctrinm
2136 2377 2162 2434 a
2266 2367 2271 2372 ·

235 2547 240 2552 .
343 2475 479 2566 Casa.
509 2481 644 2568 Fato.
674 2484 864 2568 Woers
899 2499 1017 2569 tanta
1040 2482 1129 2600 jam
1157 2483 1349 2570 claritate
1377 2485 1688 2569 demonstratae
1723 2485 2084 2574 contradicerent!

494 2623 621 2710 Hisce
650 2623 969 2737 cogitationibus
998 2641 1226 2718 commotos
1255 2625 1529 2737 complurium
1558 2623 1798 2710 mabam
1827 2652 1906 2712 ova
1929 2633 2162 2719 ommatius

340 2764 586 2852 examinare
613 2767 821 2854 constitui.
880 2767 1260 2855 Exercitationibus
1289 2767 1400 2854 circa
1429 2769 1539 2854 liano
1567 2792 1658 2852 rem
1685 2765 1822 2855 facem
1850 2772 2049 2880 procudit
2084 2801 2163 2860 ax·

341 2907 636 2996 callentissima
664 2908 916 3021 dissertatio,
946 2937 1029 3020 qua
1052 2913 1272 2999 loannes
1296 2912 1382 2998 llv.
1407 2911 1653 2997 Poanmtn
1678 2911 1908 2996 venerabili
1930 2897 2162 3004 Becaus-

342 3073 476 3137 uncu
513 3050 847 3138 semisaecularia
875 3055 1105 3167 gratulans
1141 3067 1218 3140 est.
1283 3052 1484 3156 Libellus,
1514 3051 1634 3164 parvi
1662 3051 1830 3160 qrridem
1858 3053 2056 3162 ambias,
2086 3061 2162 3145 sed

340 3193 576 3306 gavisum
611 3195 867 3306 argumenti,
908 3195 1103 3308 publice,
1139 3211 1340 3304 quanmm
1374 3194 1486 3299 scio,
1528 3221 1614 3282 non
1648 3193 1865 3300 venditur,
1908 3198 1985 3283 sed
2019 3217 2162 3288 mutuo
2307 3275 2312 3282 .

339 3335 649 3423 academiarum
676 3337 925 3425 commercio
953 3337 1141 3426 literaria
1171 3339 1376 3462 duntaxat
1404 3336 1647 3424 ᾱίεπῶιιωε
1676 3351 1763 3438 est,
1808 3363 1891 3446 quc
1922 3340 2079 3447 evenit,
2116 3359 2162 3428 ut

342 3479 457 3564 haud
486 3495 584 3564 ante
614 3495 855 3566 autumnum
884 3480 984 3566 anni
1017 3478 1145 3568 teto
1175 3508 1271 3568 cum
1294 3479 1573 3595 cognoverim.
1598 3478 1815 3602 ‚Titulnm
1832 3459 2162 3591 habct'sequen-

341 3636 452 3708 tem:
488 3619 618 3705 loca.
655 3621 809 3707 Fricd.
845 3623 1184 3710 Blunteobccbio
1217 3636 1300 3709 etc.
1335 3651 1591 3708 amuaorton
1625 3623 1672 3706 ia
1706 3623 1919 3742 medicato
1957 3627 2162 3712 bmwnca
2260 3647 2265 3662 ·

340 3763 691 3850 maculatio
726 3769 983 3876 pactam
1023 3765 1129 3850 ordo
1175 3765 1434 3852 otedicomm
1478 3764 1879 3850 Vratidccteasacn
1926 3765 2162 3880 itttmprete

342 3887 516 3993 lamnae
544 3905 626 3992 Eo.
655 3901 867 4021 Rakmje
895 3907 949 3992 P.
980 3907 1036 3992 P.
1073 3906 1126 3995 0.
1169 3907 1400 4022 Stcbjeotoc
1439 3919 1539 3992 aaut
1578 3909 1795 4022 modulae
1835 3906 1900 3990 cd
1924 3906 1993 3992 cci
2020 3909 2162 3996 onom

342 4048 565 4133 historiam
607 4060 712 4133 onte
750 4048 1093 4152 innodationem
1141 4077 1238 4136 aaa
1277 4051 1440 4136 duobus
1482 4049 1778 4161 dtbcgropla's.
1853 4049 2160 4151 Vrotislcciuc,

340 4184 936 4308 camaracam
969 4188 1269 4280 rotonense
1298 4192 1417 4306 sep.
1449 4191 1589 4301 ecc).
1894 4169 1897 4176 ’

494 4332 618 4440 Quae
647 4331 949 4420 muledssimus
976 4335 1225 4422 Pusstnnt
1256 4333 1507 4439 observavit,
1537 4349 1634 4420 snut
1657 4336 1788 4421 hoece
1817 4335 1867 4418 ln
1892 4333 2031 4422 auum
2056 4337 2159 4442 ovis,

339 4477 440 4562 dvm
467 4475 513 4560 iu
543 4474 689 4560 ovaric
712 4474 874 4592 jacent,
904 4477 983 4561 sib
1012 4475 1255 4563 membrana
1283 4476 1418 4564 vitelli
1446 4491 1618 4564 strabum
1647 4474 1933 4564 tenuissimum
1961 4482 2160 4589 maculo-

339 4644 434 4703 rnm
460 4613 742 4703 vitellinomm
764 4619 897 4720 adest,
926 4644 1137 4727 quaeum
1161 4623 1254 4710 loco
1278 4620 1408 4733 magn
1431 4619 1583 4732 stipata
1607 4621 1800 4707 condam
1830 4615 1976 4732 (quam
1999 4619 2161 4704 dbaoa

333 4759 608 4875 proligerrmc
629 4756 953 4874 nominavimus)
983 4760 1249 4848 constituvmt.
1309 4764 1452 4848 zonae
1476 4761 1714 4872 superficies
1736 4760 1927 4846 internae
1949 4755 2159 4847 cumulum

339 4901 719 4988 mammaelormem
748 4903 976 4989 eorundem
1004 4906 1273 5013 poculorum
1301 4905 1356 4987 ad
1386 4900 1585 4988 interiora
1607 4915 1851 5014 vergentem
1874 4901 2062 4990 exhibet.
2106 4905 2158 4992 lu

339 5043 554 5132 cacumine
589 5037 742 5130 cumuli
777 5071 905 5157 porus
940 5045 1198 5156 pellucidus,
1240 5044 1312 5153 qui
1346 5050 1400 5132 ab
1436 5059 1613 5153 unaque
1649 5043 1753 5130 disci
1787 5045 1939 5158 pagina
1975 5037 2157 5157 conspici

337 5201 487 5302 potest,
517 5185 676 5274 formae
711 5185 925 5274 emineas
959 5185 1249 5299 integerrimae
1278 5187 1469 5290 oliertur,
1499 5187 1616 5302 cvrjus
1644 5188 1847 5274 diameter
1875 5202 2038 5272 sextam
2064 5184 2156 5272 lere

336 5331 474 5416 lineae
493 5343 657 5442 partem
679 5331 836 5441 explet.
884 5329 1017 5440 =llrum
1040 5355 1200 5442 porum,
1230 5330 1304 5438 qni
1331 5329 1515 5417 meditem
1542 5311 1804 5416 cicatriculae
1827 5329 2036 5412 ctunvdum
2057 5353 2157 5458 per-

275 5565 281 5572 ,
335 5476 513 5560 omdere
541 5470 720 5576 videtur,
750 5472 933 5560 vesicula
961 5487 1139 5586 occupat
1165 5470 1454 5578 minutisdmo,
1483 5499 1593 5581 quae
1621 5470 1878 5560 mmmdcc
1907 5473 2154 5584 granum
