5284 6572
475 1715 536 1826 tis
569 1752 686 1824 eam
716 1750 823 1826 ιιοιι
855 1711 1138 1823 consentire
1161 1729 1395 1859 expertus
1416 1749 1547 1820 sum.
1619 1708 1791 1846 Quod
1810 1747 1935 1818 num
1966 1707 2034 1816 de
2067 1705 2199 1820 coeli
2230 1705 2304 1812 di·

476 1864 708 1984 versitate
746 1863 968 2012 pendeat
1000 1901 1097 1971 nec
1128 1901 1221 1991 ne,
1279 1863 1468 1974 nescio.
1538 1862 1873 1974 Relationem
1907 1860 2003 1968 hac
2047 1897 2109 1968 ex
2152 1871 2306 1966 causa

475 2055 583 2128 non
613 2013 684 2123 ad
717 2031 950 2161 tempora
979 2012 1073 2122 sed
1106 2013 1175 2120 ad
1207 2012 1509 2126 evolutionis
1542 2030 1728 2121 statum
1755 2011 1893 2120 dedi.

631 2158 904 2278 Geneseos
938 2202 1024 2275 ovr
1009 2163 1397 2272 mauunalimn
1419 2163 1682 2281 historiam
1708 2202 1795 2273 mc
1815 2161 1885 2270 ad
1905 2161 2125 2339 gradum
2146 2198 2304 2308 quen·

479 2317 601 2426 dam
623 2315 813 2425 emisse
845 2353 1027 2462 spero,
1073 2337 1124 2424 et
1144 2354 1279 2463 quae
1302 2313 1369 2424 de
1391 2353 1453 2426 ea
1485 2314 1656 2444 docui·
1690 2353 1865 2426 errore
1896 2312 2120 2460 graviori
2140 2311 2304 2461 premi

477 2507 583 2580 non
616 2465 788 2578 timeo.
861 2465 1024 2603 Quae
1054 2504 1180 2579 vero
1211 2466 1388 2576 ultima
1417 2465 1743 2644 paragrapho
1766 2466 1833 2575 de
1866 2464 1976 2578 ovis
2008 2463 2303 2572 animalium

478 2615 780 2728 inferiorum
825 2615 1064 2728 ordinum
1108 2617 1323 2764 protuli,
1370 2656 1490 2726 erun
1522 2618 1575 2726 in
1606 2613 1763 2726 linem
1797 2634 1993 2724 tantum
2025 2614 2156 2723 dicta
2192 2653 2304 2725 csse

478 2767 761 2915 accipiatis,
795 2783 852 2874 ut
885 2767 1214 2880 concordiam
1241 2769 1496 2882 vesiculae
1519 2763 1837 2878 Graalianae
1858 2805 1977 2876 cum
1997 2805 2101 2879 ovo
2131 2765 2302 2878 avirrm

478 2940 529 3029 et
550 2918 864 3064 reliquonun
885 2917 1180 3026 ardnmlium
1203 2918 1622 3049 demonstrarem,
1657 2919 1840 3029 itenmr
1871 2918 2154 3064 itenuuque
2175 2915 2302 3028 Vos

477 3106 626 3215 rogo.
718 3066 903 3204 Quam
948 3069 1276 3181 conmrdiam
1318 3071 1758 3186 observationibus
1806 3107 2122 3217 prosequens
2166 3085 2314 3176 tanta

477 3218 532 3328 in
566 3218 676 3330 ovis
710 3219 1024 3364 reliquorum
1056 3219 1397 3328 animalium
1382 3222 1576 3351 mveni‚
1633 3258 1767 3368 quae
1799 3219 2061 3367 hucusque
2092 3219 2303 3331 omnino
2457 3303 2463 3316 .

477 3369 655 3515 ignota
686 3389 856 3497 erant,
891 3387 970 3478 ut
1003 3391 1214 3481 naturae
1245 3389 1547 3485 scrutatores
1577 3371 1647 3480 ad
1677 3371 1826 3520 hujus
1869 3371 2072 3515 generis
2104 3369 2303 3482 investi·

479 3518 710 3665 gationes
744 3449 1003 3634 adbbrtari
1024 3521 1210 3632 haud
1195 3541 1424 3671 meptum
1445 3523 1567 3632 mibi
1588 3522 1859 3636 videretur.
1923 3521 2022 3632 Me
2043 3522 2175 3630 banc
2205 3519 2304 3630 dis·

478 3668 802 3816 quisitionem
836 3709 944 3782 non
976 3672 1284 3804 absolvisse,
1339 3674 1433 3784 sed
1476 3674 1742 3788 inchoasse
1773 3691 1995 3802 munim,
2042 3674 2158 3782 licet
2197 3711 2304 3782 non

479 3857 697 3996 parvum
730 3859 948 3933 ovonun
969 3863 1240 3934 munerum
1261 3826 1314 3934 in
1346 3825 1549 3940 diverso
1571 3823 1874 4001 evolutionis
1903 3841 2034 3932 statu
2063 3825 2304 3938 observa·

479 3969 666 4099 verim,
712 3970 885 4080 baud
870 4011 1069 4118 ignoro.
1144 3974 1435 4088 Observata
1452 3975 1771 4124 supprimere
1791 3993 1962 4084 tamen
1980 3974 2149 4102 nolui,
2184 3973 2304 4120 quia

480 4119 550 4228 ad
584 4123 1017 4301 comparationem
1047 4127 1365 4273 propositam
1395 4124 1653 4236 sufficiunt
1685 4144 1734 4235 et
1767 4125 1887 4273 quia
1921 4126 2112 4273 optime
2134 4123 2301 4250 didici,

484 4310 583 4380 nec
604 4272 751 4382 urdus
774 4273 867 4386 viri
900 4313 996 4384 nec
1018 4277 1168 4412 unius
1190 4278 1310 4386 amri
1333 4316 1460 4406 esse,
1494 4277 1627 4386 hanc
1648 4277 2044 4424 disquisitionem
2067 4273 2304 4423 spinosis·

481 4424 661 4530 sirnam
689 4441 738 4530 et
770 4422 1027 4534 inunensis
1049 4465 1173 4536 sane
1195 4425 1576 4538 difficultatibus
1598 4465 1828 4573 pressam
1850 4426 2135 4537 absolvere
2181 4421 2304 4536 Ova

482 4573 618 4681 enim
662 4571 931 4682 immatura
962 4575 1259 4684 animalium
1287 4575 1587 4689 inferiorum
1619 4614 1727 4689 non
1767 4595 1962 4686 tantmn
1997 4575 2212 4687 exilitate
2255 4595 2305 4683 et

481 4721 719 4834 tenuitate
753 4725 931 4836 oeulos
963 4745 1013 4836 et
1043 4726 1372 4838 instrmnenta
1401 4747 1575 4842 nostra
1606 4727 1830 4841 ludibrio
1854 4727 2069 4854 faciunt,
2115 4745 2170 4834 ut
2192 4764 2302 4838 ver·

485 4873 561 4983 bis
581 4872 675 4984 viri
694 4873 749 4982 in
770 4876 1036 4989 subtilibus
1058 4878 1487 5028 disquisitionibus
1506 4880 1800 4990 anatomicis
1833 4877 2154 4990 versatissimi
2173 4896 2301 5008 utar,

481 5020 574 5132 sed
596 5043 647 5129 et
667 5022 797 5132 inter
817 5065 874 5134 se
905 5028 1057 5140 valde
1091 5029 1393 5177 discrepant.
1452 5031 1685 5138 Maxima
1714 5067 1838 5142 vero
1858 5027 2134 5137 dillicrdtas
2163 5029 2216 5138 in
2237 5068 2302 5142 eo

482 5171 676 5300 nitibu,
713 5177 855 5322 quod
876 5198 1079 5327 praeter
1110 5181 1325 5327 gallinas
1347 5180 1415 5290 de
1445 5180 1589 5292 nullo
1625 5178 1734 5290 sere
1766 5179 1972 5288 miniali
1995 5181 2303 5328 completam

483 5361 700 5432 οιοιιιιιι
731 5328 913 5437 scriem
946 5331 1095 5442 nobis
1139 5371 1438 5481 comparare
1480 5332 1747 5479 possimus.
