5284 6572
822 727 1144 740 -.....-..-
1210 677 1287 767 23.

329 922 425 1006 dem
453 944 538 1005 non
566 917 767 1028 intelligo.
827 914 1059 1028 Hydatides
1089 916 1200 1002 enim
1228 916 1327 1004 licet
1348 934 1525 1042 *catenas
1554 919 1598 1004 in
1628 919 1771 1007 suibus
1801 921 1994 1027 viderim,
2036 953 2154 1015 nun-‚
2259 931 2352 994 00²¹
2367 889 2464 976 Μ
2485 936 2510 976 ·’
2528 925 2559 971 ”

329 1087 455 1169 quarn
493 1076 636 1147 tamen
676 1059 721 1144 in
760 1060 954 1143 umanum
995 1075 1067 1143 aut
1102 1057 1210 1144 uteri
1245 1037 1426 1146 cavitate
1466 1060 1634 1147 offendi.
1708 1061 1963 1176 Corpuscrda
1993 1067 2144 1172 aliena,

329 1219 529 1310 quantum
558 1199 688 1313 potui,
719 1201 822 1313 Fr'g.
846 1200 982 1284 VIII.
1012 1199 1154 1312 pinxi3
1183 1200 1415 1312 pleniorem
1444 1203 1765 1316 descriptionem
1794 1233 2147 1318 supervacaneam

330 1371 423 1432 esse
452 1345 574 1429 duco.
633 1345 722 1428 Iter
745 1367 822 1454 per
844 1340 1081 1428 oviductum
1104 1341 1264 1428 faciens
1284 1369 1408 1430 ovum
1428 1337 1709 1430 mammalium
1737 1351 1897 1432 nullam
1925 1347 2017 1433 sere
2045 1353 2148 1434 sub·

327 1486 360 1571 it
395 1484 746 1598 metamorphosin
781 1483 864 1570 nisi
899 1485 1011 1592 quod
1047 1510 1212 1570 mucum
1250 1485 1507 1573 albuminoso
1520 1535 1542 1552 -
1556 1487 1829 1599 gelatinosum
1857 1488 2050 1593 imbibat,
2079 1490 2148 1575 in·

328 1630 383 1714 de
412 1629 627 1741 paululum
656 1641 816 1714 crescat
845 1626 975 1711 etita
1004 1625 1186 1734 quidem,
1218 1641 1263 1711 ut
1292 1630 1467 1738 grauma
1496 1629 1652 1740 globuli
1679 1629 1834 1715 interni
1869 1630 2149 1744 peripheriam

327 1770 460 1882 magis
493 1770 709 1882 magisque
742 1768 994 1856 constituant
1034 1767 1250 1855 humorem
1275 1767 1572 1894 includentem.
1633 1771 1819 1858 Grannla
1849 1799 1944 1856 cum
1972 1776 2149 1859 hmnore

327 1912 517 1998 1111111111
545 1912 715 2016 sisurnt,
746 1911 861 2027 cujus
896 1909 1074 1994 cuticula
1109 1912 1322 2020 globrdum
1358 1914 1559 2023 obtegens
1589 1939 1645 1998 ex
1674 1915 1858 2025 granulis
1887 1929 2048 2000 secreta
2075 1913 2148 1998 vix

328 2053 579 2166 percipitur,
609 2055 857 2138 membrana
885 2049 1079 2134 111τί11Ιὶ
1100 2050 1190 2167 jam
1219 2054 1329 2137 bene
1359 2055 1539 2139 exculta.

480 2196 531 2280 ln
559 2210 724 2280 uterum
753 2191 1040 2280 manumissum
1069 2218 1194 2279 ovum
1223 2193 1344 2278 citius
1373 2195 1573 2280 accrescit
1601 2198 1803 2313 majorem
1836 2198 1953 2284 fluidi
1982 2195 2150 2307 quanti·

329 2354 459 2426 tatem
486 2337 695 2423 imbibens
720 2352 764 2422 et
791 2335 891 2422 inde
920 2361 1067 2420 cavrnn
1097 2351 1140 2420 et
1167 2335 1419 2448 pellucidum
1447 2336 1507 2422 lit.
1570 2337 1759 2424 Granrda
1787 2341 1842 2424 ad
1871 2339 2152 2453 peripheriam
2258 2371 2261 2378 ·

329 2481 460 2593 magis
487 2479 699 2592 magisque
727 2481 931 2566 recedunt
959 2493 1002 2564 et
1026 2502 1084 2563 ex
1108 2475 1326 2590 superlicio
1356 2503 1431 2562 sua
1461 2478 1678 2564 materiam
1707 2497 1950 2585 excernunt,
1982 2507 2039 2566 ex
2067 2505 2152 2588 qua

149 2653 153 2659 ’
329 2623 508 2709 cuticula
536 2621 775 2708 tenuissima
805 2617 1047 2721 1111111111,
1078 2619 1194 2735 cnjus
1223 2618 1455 2732 superficiei
1482 2619 1673 2708 internae
1702 2624 1875 2733 3111111
1905 2623 2149 2708 adbaerent.

332 2764 522 2852 Cutioula
551 2764 657 2849 haec
685 2767 929 2850 membrana
956 2760 1089 2846 vitelli
1117 2776 1195 2866 est,
1227 2776 1270 2847 et
1298 2763 1495 2872 granula,
1525 2763 1580 2848 de
1609 2763 1759 2871 quibus
1788 2763 1965 2876 agimus,
1996 2790 2152 2876 granu·

329 2907 381 2994 lis
410 2906 606 2992 vitellinis
636 2904 774 2990 avium
803 2906 1069 3015 respondent.
1130 2903 1340 2990 Villorum
1381 2903 1554 3016 vestigia
1594 2904 1639 2989 in
1679 2908 1927 2992 murana
1956 2903 2152 2991 centeno·

329 3064 534 3162 apparent
562 3049 662 3131 dum
689 3047 733 3131 in
761 3063 880 3133 utero
911 3071 1035 3132 ovum
1063 3045 1198 3131 libere
1226 3062 1429 3132 movetur.
1462 3046 1570 3132 'Vis
1598 3045 1821 3133 formativa
1852 3077 1877 3132 a
1914 3063 2058 3134 centro
2095 3047 2149 3130 ad

330 3190 611 3304 peripheriam
645 3215 798 3302 agene
841 3214 935 3275 oum
971 3191 1147 3300 granurla
1186 3186 1378 3300 primitus
1415 3189 1469 3272 ad
1498 3187 1779 3302 peripheriatn
1808 3189 1960 3302 egerit,
1990 3206 2079 3274 tum
2106 3187 2152 3272 in

331 3359 588 3444 quormque
616 3335 791 3444 granmo
819 3355 1000 3417 massam
1029 3329 1264 3417 densiorem
1294 3331 1348 3414 ad
1377 3328 1659 3443 peripheriam
1688 3330 1812 3444 cogit,
1844 3357 1926 3439 quo
1957 3332 2150 3439 quodque

331 3479 549 3588 granulum
576 3473 622 3558 in
650 3477 795 3560 orbem
824 3472 1023 3577 vertitur,
1054 3474 1227 3585 granula
1256 3470 1417 3558 minora
1446 3471 1557 3558 circa
1585 3488 1771 3560 oentmm
1807 3473 2059 3585 pellucidum
2095 3471 2152 3560 si·

332 3634 523 3704 slenlem.
1955 3627 1959 3633 ’

173 3864 179 3871 ,
429 3781 436 3796 ’
483 3757 834 3872 Metamorphosis
862 3757 931 3846 ovi
960 3783 1062 3870 ergo
1089 3759 1300 3845 vesiordae
1338 3757 1587 3847 Graalianae
1622 3759 1943 3871 metamorphosi
1984 3757 2152 3845 omnino

332 3906 572 4018 respondet.
632 3901 753 3990 Sicut
781 3901 827 3987 in
854 3901 936 3986 hac
965 3903 1141 4013 granula
1169 3901 1348 4013 plurima
1377 3917 1553 3987 strabum
1576 3901 1856 4014 peripheriam
1885 3901 2151 4004 constituant,

334 4051 389 4134 ad
418 4047 534 4160 cujus
562 4043 823 4156 superficiem
850 4043 982 4130 laevis
1010 4045 1297 4131 membranula
1326 4043 1489 4128 secerni
1518 4042 1674 4155 incipit,
1706 4043 1764 4127 ita
1794 4057 1837 4130 et
1865 4042 1910 4127 in
1934 4042 2154 4129 formanda

333 4192 577 4278 membrana
602 4185 651 4271 snt
678 4182 911 4270 vitellinali.
970 4187 1125 4289 Porro,
1155 4186 1201 4270 in
1228 4185 1413 4270 vesicula
1445 4181 1669 4271 Graabana
1698 4200 1872 4270 stramm
1901 4183 2154 4296 proligerum

334 4360 429 4419 curm
457 4331 622 4416 cumulo
652 4329 792 4431 adest,
823 4324 891 4410 cui
925 4326 1153 4436 respondet
1187 4323 1523 4411 blastodermatis
1563 4324 1751 4413 historia.
1813 4328 1921 4412 Pars
1956 4327 2154 4438 grando-

334 4501 427 4561 rum
458 4470 568 4556 enim
595 4470 641 4554 in
670 4494 750 4554 ovo
779 4469 856 4554 sub
884 4469 1128 4554 membrana
1155 4464 1373 4552 vitellinali
1402 4468 1604 4552 tumulum
1632 4468 1862 4573 constituit,
1901 4466 2154 4580 pedetentim

336 4617 380 4703 in
409 4615 568 4702 discum
597 4609 852 4696 mutandum.
882 4611 1132 4695 Membrana
1160 4607 1366 4697 corticalis
1395 4611 1547 4693 theone
1575 4609 1689 4696 vices
1718 4610 1838 4721 gerit.

489 4755 629 4844 Ovum
659 4765 757 4837 aute
786 4749 895 4835 fetus
923 4753 1204 4859 praesentiam
1239 4753 1352 4836 lente
1393 4775 1583 4835 crescere
1623 4749 1725 4834 mibi
1766 4749 1898 4836 visum
1935 4766 2012 4835 est.
2072 4750 2155 4834 Fe·

336 4920 403 4990 tus
432 4899 581 4986 eodem
609 4894 734 4980 modo
764 4889 988 4996 evolvitur,
1018 4914 1101 4998 quo
1136 4891 1183 4975 in
1212 4889 1374 4989 avibus,
1405 4915 1485 4974 nec
1514 4888 1616 4973 siun
1645 4888 1690 4972 in
1718 4888 1791 4973 axi
1820 4906 2058 4978 transversa
2087 4892 2155 4977 ovi

336 5041 492 5130 diflert.
550 5035 750 5122 Primitus
779 5033 924 5145 spinae
953 5030 1130 5119 dorsalis
1158 5028 1376 5142 vestigium
1406 5055 1609 5142 apparere
1637 5028 1815 5116 videtur.
1876 5031 1941 5117 mr
1982 5032 2062 5120 hoc
2090 5035 2155 5116 la·

337 5183 475 5272 minae
504 5179 690 5265 dorsales
728 5173 744 5289 (
743 5176 893 5290 plicae
913 5173 1162 5288 priorilr'voe
1190 5171 1447 5286 Paucum)
1483 5187 1526 5257 et
1553 5173 1679 5284 paulo
1707 5189 1802 5284 post
1830 5173 2010 5259 laminae
2050 5198 2154 5257 ven·

337 5329 465 5416 trales
485 5333 754 5410 excrescunt.
812 5319 862 5404 ln
892 5315 1083 5403 omnibus
1112 5314 1224 5402 enirn
1253 5313 1506 5402 animalibus
1529 5315 1778 5402 vertebratis
1807 5316 1988 5402 evolutio
2020 5314 2154 5431 (sem-

337 5497 414 5584 per
443 5458 695 5573 oentn'suga)
726 5459 770 5544 iu
799 5486 851 5546 eo
880 5458 1043 5562 nititur,
1073 5457 1185 5565 quod
1215 5472 1393 5542 extero
1424 5456 1598 5569 ceuuali
1635 5456 1878 5568 (columnae
1907 5457 2154 5544 vertebralis
