<?xml version="1.0" encoding="UTF-8"?>
<!DOCTYPE html PUBLIC "-//W3C//DTD XHTML 1.0 Transitional//EN"
    "http://www.w3.org/TR/xhtml1/DTD/xhtml1-transitional.dtd">
<html xmlns="http://www.w3.org/1999/xhtml" xml:lang="en" lang="en">
 <head>
  <title>
</title>
<meta http-equiv="Content-Type" content="text/html;charset=utf-8" />
  <meta name='ocr-system' content='tesseract 3.04.00' />
  <meta name='ocr-capabilities' content='ocr_page ocr_carea ocr_par ocr_line ocrx_word'/>
</head>
<body>
  <div class='ocr_page' id='page_1' title='image "./deovimammaliume00baergoog_0027.png"; bbox 0 0 5236 6582; ppageno 0'>
   <div class='ocr_carea' id='block_1_1' title="bbox 1006 697 1832 786">
    <p class='ocr_par' dir='ltr' id='par_1_1' title="bbox 1006 697 1832 786">
     <span class='ocr_line' id='line_1_1' title="bbox 1006 697 1832 786; baseline -0.005 -20"><span class='ocrx_word' id='word_1_1' title='bbox 1006 697 1832 786; x_wconf 69' lang='grc'>...-...14..-...-</span> 
     </span>
    </p>
   </div>
   <div class='ocr_carea' id='block_1_2' title="bbox 507 934 2331 1476">
    <p class='ocr_par' dir='ltr' id='par_1_2' title="bbox 507 934 2331 1476">
     <span class='ocr_line' id='line_1_2' title="bbox 507 934 2329 1056; baseline -0.008 -19"><span class='ocrx_word' id='word_1_2' title='bbox 507 953 563 1036; x_wconf 86' lang='lat' dir='ltr'>tle</span> <span class='ocrx_word' id='word_1_3' title='bbox 592 971 676 1056; x_wconf 89' lang='lat' dir='ltr'>quo</span> <span class='ocrx_word' id='word_1_4' title='bbox 704 971 804 1032; x_wconf 86' lang='lat' dir='ltr'>mox</span> <span class='ocrx_word' id='word_1_5' title='bbox 834 945 1075 1050; x_wconf 82' lang='lat' dir='ltr'><strong>loquemur,</strong></span> <span class='ocrx_word' id='word_1_6' title='bbox 1106 962 1233 1021; x_wconf 90' lang='lat' dir='ltr'>canes</span> <span class='ocrx_word' id='word_1_7' title='bbox 1262 934 1353 1020; x_wconf 90' lang='lat' dir='ltr'>sine</span> <span class='ocrx_word' id='word_1_8' title='bbox 1382 934 1510 1022; x_wconf 83' lang='lat' dir='ltr'>dubio</span> <span class='ocrx_word' id='word_1_9' title='bbox 1539 961 1626 1020; x_wconf 89' lang='lat' dir='ltr'>non</span> <span class='ocrx_word' id='word_1_10' title='bbox 1654 951 1821 1040; x_wconf 78' lang='lat' dir='ltr'>carent,</span> <span class='ocrx_word' id='word_1_11' title='bbox 1857 935 1955 1022; x_wconf 90' lang='lat' dir='ltr'>licet</span> <span class='ocrx_word' id='word_1_12' title='bbox 1983 961 2069 1022; x_wconf 89' lang='lat' dir='ltr'>non</span> <span class='ocrx_word' id='word_1_13' title='bbox 2104 951 2191 1022; x_wconf 91' lang='lat' dir='ltr'>tam</span> <span class='ocrx_word' id='word_1_14' title='bbox 2227 961 2329 1048; x_wconf 93' lang='lat' dir='ltr'>pro·</span> 
     </span>
     <span class='ocr_line' id='line_1_3' title="bbox 508 1077 2330 1196; baseline -0.009 -17"><span class='ocrx_word' id='word_1_15' title='bbox 508 1091 664 1178; x_wconf 78' lang='lat' dir='ltr'><strong>mineat</strong></span> <span class='ocrx_word' id='word_1_16' title='bbox 704 1113 828 1196; x_wconf 82' lang='lat' dir='ltr'>quam</span> <span class='ocrx_word' id='word_1_17' title='bbox 868 1082 912 1166; x_wconf 92' lang='lat' dir='ltr'>in</span> <span class='ocrx_word' id='word_1_18' title='bbox 949 1079 1137 1192; x_wconf 81' lang='lat' dir='ltr'>plurimis</span> <span class='ocrx_word' id='word_1_19' title='bbox 1165 1077 1466 1163; x_wconf 78' lang='lat' dir='ltr'>mammalilrus.</span> <span class='ocrx_word' id='word_1_20' title='bbox 1526 1079 1594 1162; x_wconf 86' lang='lat' dir='ltr'>Ne</span> <span class='ocrx_word' id='word_1_21' title='bbox 1624 1094 1784 1182; x_wconf 90' lang='lat' dir='ltr'>autem,</span> <span class='ocrx_word' id='word_1_22' title='bbox 1815 1101 1923 1187; x_wconf 83' lang='lat' dir='ltr'>quae</span> <span class='ocrx_word' id='word_1_23' title='bbox 1952 1078 1997 1163; x_wconf 91' lang='lat' dir='ltr'>in</span> <span class='ocrx_word' id='word_1_24' title='bbox 2026 1077 2197 1164; x_wconf 88' lang='lat' dir='ltr'>canibus</span> <span class='ocrx_word' id='word_1_25' title='bbox 2228 1077 2330 1164; x_wconf 89' lang='lat' dir='ltr'>laci-</span> 
     </span>
     <span class='ocr_line' id='line_1_4' title="bbox 508 1201 2331 1334; baseline -0.009 -12"><span class='ocrx_word' id='word_1_26' title='bbox 508 1235 590 1322; x_wconf 91' lang='lat' dir='ltr'>lius</span> <span class='ocrx_word' id='word_1_27' title='bbox 618 1201 909 1328; x_wconf 85' lang='lat' dir='ltr'>inveniuntur,</span> <span class='ocrx_word' id='word_1_28' title='bbox 939 1223 1004 1309; x_wconf 79' lang='lat' dir='ltr'>nis</span> <span class='ocrx_word' id='word_1_29' title='bbox 1031 1222 1203 1334; x_wconf 93' lang='lat' dir='ltr'>propria</span> <span class='ocrx_word' id='word_1_30' title='bbox 1232 1223 1471 1325; x_wconf 83' lang='lat' dir='ltr'><strong>credamus,</strong></span> <span class='ocrx_word' id='word_1_31' title='bbox 1502 1219 1679 1306; x_wconf 90' lang='lat' dir='ltr'>aliorum</span> <span class='ocrx_word' id='word_1_32' title='bbox 1707 1221 1988 1307; x_wconf 89' lang='lat' dir='ltr'>mammalium</span> <span class='ocrx_word' id='word_1_33' title='bbox 2017 1221 2160 1308; x_wconf 90' lang='lat' dir='ltr'>ovaria</span> <span class='ocrx_word' id='word_1_34' title='bbox 2189 1224 2331 1332; x_wconf 69' lang='lat' dir='ltr'>penu·</span> 
     </span>
     <span class='ocr_line' id='line_1_5' title="bbox 510 1362 2329 1476; baseline -0.009 -12"><span class='ocrx_word' id='word_1_35' title='bbox 510 1373 732 1464; x_wconf 86' lang='lat' dir='ltr'>strabimur</span> <span class='ocrx_word' id='word_1_36' title='bbox 759 1368 1010 1475; x_wconf 82' lang='lat' dir='ltr'>omniaque,</span> <span class='ocrx_word' id='word_1_37' title='bbox 1040 1365 1201 1450; x_wconf 88' lang='lat' dir='ltr'>levibus</span> <span class='ocrx_word' id='word_1_38' title='bbox 1230 1362 1500 1450; x_wconf 81' lang='lat' dir='ltr'>varietatssms</span> <span class='ocrx_word' id='word_1_39' title='bbox 1536 1363 1748 1475; x_wconf 86' lang='lat' dir='ltr'>exceptis,</span> <span class='ocrx_word' id='word_1_40' title='bbox 1791 1388 2020 1476; x_wconf 83' lang='lat' dir='ltr'>congruere</span> <span class='ocrx_word' id='word_1_41' title='bbox 2060 1363 2329 1450; x_wconf 91' lang='lat' dir='ltr'>inveniemus.</span> 
     </span>
    </p>
   </div>
   <div class='ocr_carea' id='block_1_3' title="bbox 1366 1792 1477 1912">
    <p class='ocr_par' dir='ltr' id='par_1_3' title="bbox 1366 1792 1477 1912">
     <span class='ocr_line' id='line_1_6' title="bbox 1366 1792 1477 1912; baseline -0.009 -33"><span class='ocrx_word' id='word_1_42' title='bbox 1366 1794 1399 1912; x_wconf 67' lang='lat' dir='ltr'>a.</span> <span class='ocrx_word' id='word_1_43' title='bbox 1429 1792 1477 1879; x_wconf 79' lang='lat' dir='ltr'>a.</span> 
     </span>
    </p>
   </div>
   <div class='ocr_carea' id='block_1_4' title="bbox 572 2003 2270 2259">
    <p class='ocr_par' dir='ltr' id='par_1_4' title="bbox 572 2003 2270 2259">
     <span class='ocr_line' id='line_1_7' title="bbox 572 2003 2270 2118; baseline -0.003 -24"><span class='ocrx_word' id='word_1_44' title='bbox 572 2010 897 2096; x_wconf 84' lang='lat' dir='ltr'>Vesicttlae</span> <span class='ocrx_word' id='word_1_45' title='bbox 940 2003 1333 2118; x_wconf 82' lang='lat' dir='ltr'>Graafiaaae</span> <span class='ocrx_word' id='word_1_46' title='bbox 1370 2003 1661 2114; x_wconf 81' lang='lat' dir='ltr'>quomodo</span> <span class='ocrx_word' id='word_1_47' title='bbox 1702 2016 2091 2092; x_wconf 74' lang='lat' dir='ltr'>constructae</span> <span class='ocrx_word' id='word_1_48' title='bbox 2131 2008 2270 2110; x_wconf 81' lang='lat' dir='ltr'>siat,</span> 
     </span>
     <span class='ocr_line' id='line_1_8' title="bbox 825 2145 2013 2259; baseline 0.001 -26"><span class='ocrx_word' id='word_1_49' title='bbox 825 2161 882 2234; x_wconf 85' lang='lat' dir='ltr'>et</span> <span class='ocrx_word' id='word_1_50' title='bbox 918 2147 987 2232; x_wconf 85' lang='lat' dir='ltr'>de</span> <span class='ocrx_word' id='word_1_51' title='bbox 1016 2150 1194 2231; x_wconf 82' lang='lat' dir='ltr'>ovato</span> <span class='ocrx_word' id='word_1_52' title='bbox 1222 2145 2013 2259; x_wconf 78' lang='lat' dir='ltr'>mammutiumgeneratim.</span> 
     </span>
    </p>
   </div>
   <div class='ocr_carea' id='block_1_5' title="bbox 506 2359 2401 3352">
    <p class='ocr_par' dir='ltr' id='par_1_5' title="bbox 506 2359 2401 3352">
     <span class='ocr_line' id='line_1_9' title="bbox 661 2359 2331 2495; baseline -0.002 -24"><span class='ocrx_word' id='word_1_53' title='bbox 661 2383 886 2472; x_wconf 88' lang='lat' dir='ltr'>Vesiculae</span> <span class='ocrx_word' id='word_1_54' title='bbox 916 2359 1167 2469; x_wconf 86' lang='lat' dir='ltr'>Graafianae</span> <span class='ocrx_word' id='word_1_55' title='bbox 1194 2379 1241 2464; x_wconf 91' lang='lat' dir='ltr'>iu</span> <span class='ocrx_word' id='word_1_56' title='bbox 1269 2379 1442 2466; x_wconf 86' lang='lat' dir='ltr'>canibus</span> <span class='ocrx_word' id='word_1_57' title='bbox 1471 2377 1592 2465; x_wconf 91' lang='lat' dir='ltr'>nimis</span> <span class='ocrx_word' id='word_1_58' title='bbox 1620 2407 1777 2492; x_wconf 88' lang='lat' dir='ltr'>parvae</span> <span class='ocrx_word' id='word_1_59' title='bbox 1806 2398 1915 2487; x_wconf 91' lang='lat' dir='ltr'>sunt,</span> <span class='ocrx_word' id='word_1_60' title='bbox 1946 2411 2072 2495; x_wconf 88' lang='lat' dir='ltr'>quam</span> <span class='ocrx_word' id='word_1_61' title='bbox 2100 2409 2209 2493; x_wconf 88' lang='lat' dir='ltr'>quae</span> <span class='ocrx_word' id='word_1_62' title='bbox 2238 2411 2331 2469; x_wconf 93' lang='lat' dir='ltr'>cum</span> 
     </span>
     <span class='ocr_line' id='line_1_10' title="bbox 506 2520 2330 2643; baseline -0.003 -25"><span class='ocrx_word' id='word_1_63' title='bbox 506 2555 658 2643; x_wconf 88' lang='lat' dir='ltr'>magno</span> <span class='ocrx_word' id='word_1_64' title='bbox 687 2553 882 2613; x_wconf 89' lang='lat' dir='ltr'>successu</span> <span class='ocrx_word' id='word_1_65' title='bbox 911 2523 1146 2610; x_wconf 89' lang='lat' dir='ltr'>examinari</span> <span class='ocrx_word' id='word_1_66' title='bbox 1173 2520 1348 2635; x_wconf 81' lang='lat' dir='ltr'>possint.</span> <span class='ocrx_word' id='word_1_67' title='bbox 1408 2522 1459 2605; x_wconf 93' lang='lat' dir='ltr'>ln</span> <span class='ocrx_word' id='word_1_68' title='bbox 1477 2523 1621 2608; x_wconf 86' lang='lat' dir='ltr'>suibus</span> <span class='ocrx_word' id='word_1_69' title='bbox 1639 2549 1741 2610; x_wconf 92' lang='lat' dir='ltr'>vero</span> <span class='ocrx_word' id='word_1_70' title='bbox 1765 2523 2004 2636; x_wconf 80' lang='lat' dir='ltr'>saepissime</span> <span class='ocrx_word' id='word_1_71' title='bbox 2034 2542 2077 2612; x_wconf 92' lang='lat' dir='ltr'>et</span> <span class='ocrx_word' id='word_1_72' title='bbox 2106 2527 2330 2614; x_wconf 74' lang='lat' dir='ltr'>aestuatis·</span> 
     </span>
     <span class='ocr_line' id='line_1_11' title="bbox 507 2661 2401 2776; baseline -0.001 -16"><span class='ocrx_word' id='word_1_73' title='bbox 507 2674 631 2776; x_wconf 68' lang='lat' dir='ltr'>ame,</span> <span class='ocrx_word' id='word_1_74' title='bbox 674 2669 826 2771; x_wconf 79' lang='lat' dir='ltr'>medo,</span> <span class='ocrx_word' id='word_1_75' title='bbox 871 2693 944 2754; x_wconf 91' lang='lat' dir='ltr'>eas</span> <span class='ocrx_word' id='word_1_76' title='bbox 984 2664 1243 2776; x_wconf 74' lang='lat' dir='ltr'>investigavi.</span> <span class='ocrx_word' id='word_1_77' title='bbox 1317 2661 1422 2750; x_wconf 84' lang='lat' dir='ltr'>Cum</span> <span class='ocrx_word' id='word_1_78' title='bbox 1449 2663 1515 2750; x_wconf 86' lang='lat' dir='ltr'>lris</span> <span class='ocrx_word' id='word_1_79' title='bbox 1544 2691 1714 2770; x_wconf 89' lang='lat' dir='ltr'>vaccas,</span> <span class='ocrx_word' id='word_1_80' title='bbox 1757 2693 1884 2773; x_wconf 85' lang='lat' dir='ltr'>oves,</span> <span class='ocrx_word' id='word_1_81' title='bbox 1927 2697 2073 2776; x_wconf 90' lang='lat' dir='ltr'>canes,</span> <span class='ocrx_word' id='word_1_82' title='bbox 2104 2671 2329 2775; x_wconf 89' lang='lat' dir='ltr'>cuniculos,</span> <span class='ocrx_word' id='word_1_83' title='bbox 2382 2689 2401 2726; x_wconf 55' lang='lat' dir='ltr'>&#39;f</span> 
     </span>
     <span class='ocr_line' id='line_1_12' title="bbox 507 2807 2331 2938; baseline -0.003 -36"><span class='ocrx_word' id='word_1_84' title='bbox 507 2814 770 2915; x_wconf 90' lang='lat' dir='ltr'>erinaceum,</span> <span class='ocrx_word' id='word_1_85' title='bbox 800 2807 1040 2921; x_wconf 89' lang='lat' dir='ltr'>delphinum</span> <span class='ocrx_word' id='word_1_86' title='bbox 1047 2836 1068 2938; x_wconf 62' lang='lat' dir='ltr'><em>j</em></span> <span class='ocrx_word' id='word_1_87' title='bbox 1096 2810 1354 2920; x_wconf 89' lang='lat' dir='ltr'>phocaenam</span> <span class='ocrx_word' id='word_1_88' title='bbox 1382 2832 1462 2892; x_wconf 90' lang='lat' dir='ltr'>nec</span> <span class='ocrx_word' id='word_1_89' title='bbox 1490 2833 1575 2892; x_wconf 94' lang='lat' dir='ltr'>non</span> <span class='ocrx_word' id='word_1_90' title='bbox 1603 2807 1815 2894; x_wconf 86' lang='lat' dir='ltr'>hominem</span> <span class='ocrx_word' id='word_1_91' title='bbox 1843 2813 2093 2924; x_wconf 89' lang='lat' dir='ltr'>comparavi,</span> <span class='ocrx_word' id='word_1_92' title='bbox 2123 2812 2167 2896; x_wconf 92' lang='lat' dir='ltr'>in</span> <span class='ocrx_word' id='word_1_93' title='bbox 2197 2811 2331 2898; x_wconf 90' lang='lat' dir='ltr'>omni·</span> 
     </span>
     <span class='ocr_line' id='line_1_13' title="bbox 507 2951 2330 3065; baseline -0.002 -22"><span class='ocrx_word' id='word_1_94' title='bbox 507 2962 669 3065; x_wconf 83' lang='lat' dir='ltr'>busque</span> <span class='ocrx_word' id='word_1_95' title='bbox 709 2954 888 3040; x_wconf 88' lang='lat' dir='ltr'>eandem</span> <span class='ocrx_word' id='word_1_96' title='bbox 929 2966 1121 3036; x_wconf 90' lang='lat' dir='ltr'>constare</span> <span class='ocrx_word' id='word_1_97' title='bbox 1162 2965 1412 3036; x_wconf 82' lang='lat' dir='ltr'>structuram</span> <span class='ocrx_word' id='word_1_98' title='bbox 1450 2975 1696 3058; x_wconf 90' lang='lat' dir='ltr'>persuasmn</span> <span class='ocrx_word' id='word_1_99' title='bbox 1731 2951 1832 3036; x_wconf 90' lang='lat' dir='ltr'>mihi</span> <span class='ocrx_word' id='word_1_100' title='bbox 1868 2954 2027 3060; x_wconf 87' lang='lat' dir='ltr'>habeo,</span> <span class='ocrx_word' id='word_1_101' title='bbox 2069 2954 2258 3063; x_wconf 83' lang='lat' dir='ltr'>quamvis</span> <span class='ocrx_word' id='word_1_102' title='bbox 2286 2955 2330 3040; x_wconf 92' lang='lat' dir='ltr'>in</span> 
     </span>
     <span class='ocr_line' id='line_1_14' title="bbox 507 3092 2329 3207; baseline 0 -22"><span class='ocrx_word' id='word_1_103' title='bbox 507 3097 737 3185; x_wconf 85' lang='lat' dir='ltr'>minoribus</span> <span class='ocrx_word' id='word_1_104' title='bbox 766 3120 853 3180; x_wconf 92' lang='lat' dir='ltr'>non</span> <span class='ocrx_word' id='word_1_105' title='bbox 882 3093 1021 3180; x_wconf 86' lang='lat' dir='ltr'>munia</span> <span class='ocrx_word' id='word_1_106' title='bbox 1051 3107 1181 3178; x_wconf 91' lang='lat' dir='ltr'>strata</span> <span class='ocrx_word' id='word_1_107' title='bbox 1209 3092 1267 3178; x_wconf 88' lang='lat' dir='ltr'>ita</span> <span class='ocrx_word' id='word_1_108' title='bbox 1298 3096 1406 3178; x_wconf 87' lang='lat' dir='ltr'>bene</span> <span class='ocrx_word' id='word_1_109' title='bbox 1435 3115 1634 3202; x_wconf 89' lang='lat' dir='ltr'>separare</span> <span class='ocrx_word' id='word_1_110' title='bbox 1663 3093 1881 3207; x_wconf 92' lang='lat' dir='ltr'>contigerit</span> <span class='ocrx_word' id='word_1_111' title='bbox 1933 3124 1984 3181; x_wconf 90' lang='lat' dir='ltr'>ac</span> <span class='ocrx_word' id='word_1_112' title='bbox 2012 3095 2056 3182; x_wconf 92' lang='lat' dir='ltr'>in</span> <span class='ocrx_word' id='word_1_113' title='bbox 2084 3125 2173 3202; x_wconf 88' lang='lat' dir='ltr'>sne,</span> <span class='ocrx_word' id='word_1_114' title='bbox 2203 3125 2329 3185; x_wconf 90' lang='lat' dir='ltr'>vacca</span> 
     </span>
     <span class='ocr_line' id='line_1_15' title="bbox 508 3237 792 3352; baseline -0.018 -24"><span class='ocrx_word' id='word_1_115' title='bbox 508 3258 551 3328; x_wconf 93' lang='lat' dir='ltr'>et</span> <span class='ocrx_word' id='word_1_116' title='bbox 580 3237 792 3352; x_wconf 88' lang='lat' dir='ltr'>delphino.</span> 
     </span>
    </p>
   </div>
   <div class='ocr_carea' id='block_1_6' title="bbox 658 3375 2331 3502">
    <p class='ocr_par' dir='ltr' id='par_1_6' title="bbox 658 3375 2331 3502">
     <span class='ocr_line' id='line_1_16' title="bbox 658 3375 2331 3502; baseline 0.002 -34"><span class='ocrx_word' id='word_1_117' title='bbox 658 3380 881 3468; x_wconf 87' lang='lat' dir='ltr'>Vesiculas</span> <span class='ocrx_word' id='word_1_118' title='bbox 924 3378 1170 3467; x_wconf 84' lang='lat' dir='ltr'>Graalianas</span> <span class='ocrx_word' id='word_1_119' title='bbox 1209 3375 1363 3462; x_wconf 79' lang='lat' dir='ltr'>orariis</span> <span class='ocrx_word' id='word_1_120' title='bbox 1398 3379 1493 3489; x_wconf 90' lang='lat' dir='ltr'>plus</span> <span class='ocrx_word' id='word_1_121' title='bbox 1528 3376 1718 3464; x_wconf 90' lang='lat' dir='ltr'>minusve</span> <span class='ocrx_word' id='word_1_122' title='bbox 1753 3376 1897 3467; x_wconf 88' lang='lat' dir='ltr'>insitas</span> <span class='ocrx_word' id='word_1_123' title='bbox 1927 3407 2020 3469; x_wconf 91' lang='lat' dir='ltr'>esse</span> <span class='ocrx_word' id='word_1_124' title='bbox 2048 3400 2171 3496; x_wconf 93' lang='lat' dir='ltr'>prout</span> <span class='ocrx_word' id='word_1_125' title='bbox 2199 3385 2331 3502; x_wconf 89' lang='lat' dir='ltr'>major</span> 
     </span>
    </p>
   </div>
   <div class='ocr_carea' id='block_1_7' title="bbox 504 3519 2332 5637">
    <p class='ocr_par' dir='ltr' id='par_1_7' title="bbox 504 3519 2330 3922">
     <span class='ocr_line' id='line_1_17' title="bbox 507 3519 2330 3637; baseline 0.001 -24"><span class='ocrx_word' id='word_1_126' title='bbox 507 3527 695 3613; x_wconf 88' lang='lat' dir='ltr'>minorve</span> <span class='ocrx_word' id='word_1_127' title='bbox 723 3525 834 3609; x_wconf 89' lang='lat' dir='ltr'>telae</span> <span class='ocrx_word' id='word_1_128' title='bbox 862 3521 1107 3606; x_wconf 81' lang='lat' dir='ltr'>formativae</span> <span class='ocrx_word' id='word_1_129' title='bbox 1136 3521 1206 3605; x_wconf 93' lang='lat' dir='ltr'>vel</span> <span class='ocrx_word' id='word_1_130' title='bbox 1236 3520 1296 3604; x_wconf 90' lang='lat' dir='ltr'>sic</span> <span class='ocrx_word' id='word_1_131' title='bbox 1326 3519 1463 3605; x_wconf 88' lang='lat' dir='ltr'>dictae</span> <span class='ocrx_word' id='word_1_132' title='bbox 1492 3521 1718 3606; x_wconf 77' lang='lat' dir='ltr'>cellmosae</span> <span class='ocrx_word' id='word_1_133' title='bbox 1746 3522 1866 3635; x_wconf 90' lang='lat' dir='ltr'>copia</span> <span class='ocrx_word' id='word_1_134' title='bbox 1896 3526 2041 3629; x_wconf 85' lang='lat' dir='ltr'>adest,</span> <span class='ocrx_word' id='word_1_135' title='bbox 2079 3528 2330 3637; x_wconf 89' lang='lat' dir='ltr'>easdemque</span> 
     </span>
     <span class='ocr_line' id='line_1_18' title="bbox 504 3661 2330 3780; baseline 0.002 -26"><span class='ocrx_word' id='word_1_136' title='bbox 504 3685 694 3780; x_wconf 85' lang='lat' dir='ltr'>tempore</span> <span class='ocrx_word' id='word_1_137' title='bbox 735 3663 864 3752; x_wconf 87' lang='lat' dir='ltr'>oestri</span> <span class='ocrx_word' id='word_1_138' title='bbox 906 3661 1077 3752; x_wconf 91' lang='lat' dir='ltr'>venerei</span> <span class='ocrx_word' id='word_1_139' title='bbox 1118 3677 1161 3750; x_wconf 93' lang='lat' dir='ltr'>et</span> <span class='ocrx_word' id='word_1_140' title='bbox 1201 3677 1296 3776; x_wconf 91' lang='lat' dir='ltr'>post</span> <span class='ocrx_word' id='word_1_141' title='bbox 1336 3663 1651 3775; x_wconf 88' lang='lat' dir='ltr'>conceptionem</span> <span class='ocrx_word' id='word_1_142' title='bbox 1692 3665 1822 3777; x_wconf 88' lang='lat' dir='ltr'>magis</span> <span class='ocrx_word' id='word_1_143' title='bbox 1857 3682 2047 3779; x_wconf 92' lang='lat' dir='ltr'>turgere,</span> <span class='ocrx_word' id='word_1_144' title='bbox 2090 3697 2146 3755; x_wconf 87' lang='lat' dir='ltr'>ex</span> <span class='ocrx_word' id='word_1_145' title='bbox 2187 3671 2330 3757; x_wconf 89' lang='lat' dir='ltr'>ovario</span> 
     </span>
     <span class='ocr_line' id='line_1_19' title="bbox 506 3804 1711 3922; baseline -0.004 -25"><span class='ocrx_word' id='word_1_146' title='bbox 506 3835 721 3922; x_wconf 83' lang='lat' dir='ltr'>emergere</span> <span class='ocrx_word' id='word_1_147' title='bbox 750 3823 794 3894; x_wconf 89' lang='lat' dir='ltr'>et</span> <span class='ocrx_word' id='word_1_148' title='bbox 823 3809 990 3892; x_wconf 87' lang='lat' dir='ltr'>demum</span> <span class='ocrx_word' id='word_1_149' title='bbox 1021 3804 1194 3917; x_wconf 84' lang='lat' dir='ltr'>aperiri,</span> <span class='ocrx_word' id='word_1_150' title='bbox 1224 3805 1335 3890; x_wconf 90' lang='lat' dir='ltr'>inter</span> <span class='ocrx_word' id='word_1_151' title='bbox 1363 3831 1507 3892; x_wconf 91' lang='lat' dir='ltr'>omnes</span> <span class='ocrx_word' id='word_1_152' title='bbox 1535 3820 1711 3892; x_wconf 87' lang='lat' dir='ltr'>constat.</span> 
     </span>
    </p>

    <p class='ocr_par' dir='ltr' id='par_1_8' title="bbox 504 3947 2331 4325">
     <span class='ocr_line' id='line_1_20' title="bbox 658 3947 2329 4068; baseline 0.004 -31"><span class='ocrx_word' id='word_1_153' title='bbox 658 3949 763 4037; x_wconf 81' lang='lat' dir='ltr'>Cum</span> <span class='ocrx_word' id='word_1_154' title='bbox 793 3975 844 4036; x_wconf 93' lang='lat' dir='ltr'>ea</span> <span class='ocrx_word' id='word_1_155' title='bbox 869 3947 1000 4035; x_wconf 88' lang='lat' dir='ltr'>ovarii</span> <span class='ocrx_word' id='word_1_156' title='bbox 1019 3974 1130 4058; x_wconf 90' lang='lat' dir='ltr'>pars,</span> <span class='ocrx_word' id='word_1_157' title='bbox 1155 3973 1263 4056; x_wconf 87' lang='lat' dir='ltr'>quae</span> <span class='ocrx_word' id='word_1_158' title='bbox 1285 3949 1510 4033; x_wconf 82' lang='lat' dir='ltr'>vesiculam</span> <span class='ocrx_word' id='word_1_159' title='bbox 1535 3947 1775 4055; x_wconf 88' lang='lat' dir='ltr'>circmndat‚</span> <span class='ocrx_word' id='word_1_160' title='bbox 1799 3951 1922 4068; x_wconf 89' lang='lat' dir='ltr'>hujus</span> <span class='ocrx_word' id='word_1_161' title='bbox 1938 3951 1982 4037; x_wconf 94' lang='lat' dir='ltr'>vi</span> <span class='ocrx_word' id='word_1_162' title='bbox 2005 3950 2050 4040; x_wconf 93' lang='lat' dir='ltr'>in</span> <span class='ocrx_word' id='word_1_163' title='bbox 2072 3955 2329 4043; x_wconf 91' lang='lat' dir='ltr'>involucrum</span> 
     </span>
     <span class='ocr_line' id='line_1_21' title="bbox 504 4088 2331 4216; baseline 0.003 -33"><span class='ocrx_word' id='word_1_164' title='bbox 504 4109 687 4184; x_wconf 90' lang='lat' dir='ltr'>mutetur</span> <span class='ocrx_word' id='word_1_165' title='bbox 724 4108 887 4206; x_wconf 90' lang='lat' dir='ltr'>partem</span> <span class='ocrx_word' id='word_1_166' title='bbox 915 4089 1126 4176; x_wconf 84' lang='lat' dir='ltr'>vesiculae</span> <span class='ocrx_word' id='word_1_167' title='bbox 1153 4104 1324 4200; x_wconf 91' lang='lat' dir='ltr'>tegens,</span> <span class='ocrx_word' id='word_1_168' title='bbox 1367 4088 1411 4174; x_wconf 91' lang='lat' dir='ltr'>in</span> <span class='ocrx_word' id='word_1_169' title='bbox 1441 4090 1717 4177; x_wconf 87' lang='lat' dir='ltr'>describenda</span> <span class='ocrx_word' id='word_1_170' title='bbox 1745 4093 1928 4181; x_wconf 85' lang='lat' dir='ltr'>vesicula</span> <span class='ocrx_word' id='word_1_171' title='bbox 1957 4096 2144 4186; x_wconf 85' lang='lat' dir='ltr'>avariam</span> <span class='ocrx_word' id='word_1_172' title='bbox 2178 4099 2331 4216; x_wconf 85' lang='lat' dir='ltr'>negligi</span> 
     </span>
     <span class='ocr_line' id='line_1_22' title="bbox 505 4239 732 4325; baseline -0.013 0"><span class='ocrx_word' id='word_1_173' title='bbox 505 4239 732 4325; x_wconf 88' lang='lat' dir='ltr'>nonlicet.</span> 
     </span>
    </p>

    <p class='ocr_par' dir='ltr' id='par_1_9' title="bbox 506 4373 2332 5062">
     <span class='ocr_line' id='line_1_23' title="bbox 659 4373 2332 4498; baseline 0.007 -34"><span class='ocrx_word' id='word_1_174' title='bbox 659 4380 732 4465; x_wconf 88' lang='lat' dir='ltr'>Ad</span> <span class='ocrx_word' id='word_1_175' title='bbox 761 4402 969 4486; x_wconf 87' lang='lat' dir='ltr'>quamque</span> <span class='ocrx_word' id='word_1_176' title='bbox 998 4375 1109 4463; x_wconf 90' lang='lat' dir='ltr'>enim</span> <span class='ocrx_word' id='word_1_177' title='bbox 1138 4373 1362 4462; x_wconf 87' lang='lat' dir='ltr'>vesiculam</span> <span class='ocrx_word' id='word_1_178' title='bbox 1387 4374 1654 4463; x_wconf 88' lang='lat' dir='ltr'>Graafianam</span> <span class='ocrx_word' id='word_1_179' title='bbox 1678 4396 1957 4491; x_wconf 87' lang='lat' dir='ltr'>emergentem</span> <span class='ocrx_word' id='word_1_180' title='bbox 1988 4384 2097 4472; x_wconf 86' lang='lat' dir='ltr'>duae</span> <span class='ocrx_word' id='word_1_181' title='bbox 2120 4386 2332 4498; x_wconf 88' lang='lat' dir='ltr'>pertinent</span> 
     </span>
     <span class='ocr_line' id='line_1_24' title="bbox 507 4497 2329 4637; baseline 0.005 -29"><span class='ocrx_word' id='word_1_182' title='bbox 507 4537 662 4637; x_wconf 87' lang='lat' dir='ltr'>partes,</span> <span class='ocrx_word' id='word_1_183' title='bbox 692 4546 790 4633; x_wconf 88' lang='lat' dir='ltr'>pars</span> <span class='ocrx_word' id='word_1_184' title='bbox 818 4518 1035 4607; x_wconf 89' lang='lat' dir='ltr'>includens</span> <span class='ocrx_word' id='word_1_185' title='bbox 1064 4518 1133 4601; x_wconf 91' lang='lat' dir='ltr'>vel</span> <span class='ocrx_word' id='word_1_186' title='bbox 1155 4529 1380 4628; x_wconf 69' lang='lat' dir='ltr'>pedamen,</span> <span class='ocrx_word' id='word_1_187' title='bbox 1411 4533 1455 4602; x_wconf 91' lang='lat' dir='ltr'>et</span> <span class='ocrx_word' id='word_1_188' title='bbox 1484 4497 1580 4628; x_wconf 89' lang='lat' dir='ltr'>pars</span> <span class='ocrx_word' id='word_1_189' title='bbox 1603 4521 1764 4606; x_wconf 89' lang='lat' dir='ltr'>inclusa</span> <span class='ocrx_word' id='word_1_190' title='bbox 1793 4525 1861 4607; x_wconf 92' lang='lat' dir='ltr'>vel</span> <span class='ocrx_word' id='word_1_191' title='bbox 1889 4530 2077 4612; x_wconf 63' lang='lat' dir='ltr'>amhae.</span> <span class='ocrx_word' id='word_1_192' title='bbox 2125 4529 2329 4618; x_wconf 88' lang='lat' dir='ltr'>Putamen</span> 
     </span>
     <span class='ocr_line' id='line_1_25' title="bbox 506 4658 2330 4778; baseline 0.004 -25"><span class='ocrx_word' id='word_1_193' title='bbox 506 4662 770 4754; x_wconf 77' lang='lat' dir='ltr'>censuarium</span> <span class='ocrx_word' id='word_1_194' title='bbox 810 4662 999 4774; x_wconf 78' lang='lat' dir='ltr'>partibus</span> <span class='ocrx_word' id='word_1_195' title='bbox 1040 4659 1209 4746; x_wconf 86' lang='lat' dir='ltr'>adscitis</span> <span class='ocrx_word' id='word_1_196' title='bbox 1251 4658 1280 4742; x_wconf 93' lang='lat' dir='ltr'>i.</span> <span class='ocrx_word' id='word_1_197' title='bbox 1312 4683 1350 4743; x_wconf 92' lang='lat' dir='ltr'>e.</span> <span class='ocrx_word' id='word_1_198' title='bbox 1389 4686 1475 4746; x_wconf 92' lang='lat' dir='ltr'>non</span> <span class='ocrx_word' id='word_1_199' title='bbox 1512 4660 1703 4749; x_wconf 85' lang='lat' dir='ltr'>vesiculis</span> <span class='ocrx_word' id='word_1_200' title='bbox 1740 4665 1917 4778; x_wconf 90' lang='lat' dir='ltr'>propriis</span> <span class='ocrx_word' id='word_1_201' title='bbox 1954 4670 2031 4754; x_wconf 87' lang='lat' dir='ltr'>sed</span> <span class='ocrx_word' id='word_1_202' title='bbox 2060 4671 2115 4754; x_wconf 89' lang='lat' dir='ltr'>ad</span> <span class='ocrx_word' id='word_1_203' title='bbox 2144 4673 2330 4760; x_wconf 90' lang='lat' dir='ltr'>ovarium</span> 
     </span>
     <span class='ocr_line' id='line_1_26' title="bbox 506 4803 2328 4921; baseline 0.004 -27"><span class='ocrx_word' id='word_1_204' title='bbox 506 4808 638 4921; x_wconf 90' lang='lat' dir='ltr'>ipsum</span> <span class='ocrx_word' id='word_1_205' title='bbox 668 4805 991 4919; x_wconf 87' lang='lat' dir='ltr'>pertinentibus,</span> <span class='ocrx_word' id='word_1_206' title='bbox 1023 4833 1098 4916; x_wconf 92' lang='lat' dir='ltr'>per</span> <span class='ocrx_word' id='word_1_207' title='bbox 1127 4803 1352 4890; x_wconf 88' lang='lat' dir='ltr'>vesiculam</span> <span class='ocrx_word' id='word_1_208' title='bbox 1381 4815 1541 4890; x_wconf 90' lang='lat' dir='ltr'>tantum</span> <span class='ocrx_word' id='word_1_209' title='bbox 1571 4805 1744 4894; x_wconf 85' lang='lat' dir='ltr'>sublatis</span> <span class='ocrx_word' id='word_1_210' title='bbox 1774 4824 1817 4894; x_wconf 92' lang='lat' dir='ltr'>et</span> <span class='ocrx_word' id='word_1_211' title='bbox 1845 4812 1939 4921; x_wconf 90' lang='lat' dir='ltr'>plus</span> <span class='ocrx_word' id='word_1_212' title='bbox 1967 4811 2156 4901; x_wconf 86' lang='lat' dir='ltr'>minusve</span> <span class='ocrx_word' id='word_1_213' title='bbox 2186 4815 2231 4904; x_wconf 89' lang='lat' dir='ltr'>in</span> <span class='ocrx_word' id='word_1_214' title='bbox 2258 4815 2328 4902; x_wconf 83' lang='lat' dir='ltr'>ia-</span> 
     </span>
     <span class='ocr_line' id='line_1_27' title="bbox 507 4947 1767 5062; baseline 0.002 -28"><span class='ocrx_word' id='word_1_215' title='bbox 507 4949 672 5035; x_wconf 69' lang='lat' dir='ltr'>darnart</span> <span class='ocrx_word' id='word_1_216' title='bbox 701 4949 884 5048; x_wconf 88' lang='lat' dir='ltr'>mutatis,</span> <span class='ocrx_word' id='word_1_217' title='bbox 914 4964 957 5034; x_wconf 92' lang='lat' dir='ltr'>et</span> <span class='ocrx_word' id='word_1_218' title='bbox 987 4951 1112 5032; x_wconf 76' lang='lat' dir='ltr'>theca</span> <span class='ocrx_word' id='word_1_219' title='bbox 1140 4949 1320 5057; x_wconf 89' lang='lat' dir='ltr'>quadam</span> <span class='ocrx_word' id='word_1_220' title='bbox 1350 4947 1556 5034; x_wconf 86' lang='lat' dir='ltr'>vesiculae</span> <span class='ocrx_word' id='word_1_221' title='bbox 1586 4949 1767 5062; x_wconf 89' lang='lat' dir='ltr'>propria.</span> 
     </span>
    </p>

    <p class='ocr_par' dir='ltr' id='par_1_10' title="bbox 607 5089 2231 5320">
     <span class='ocr_line' id='line_1_28' title="bbox 607 5089 2231 5203; baseline 0.007 -24"><span class='ocrx_word' id='word_1_222' title='bbox 607 5095 665 5179; x_wconf 84' lang='grc' dir='ltr'>Α.</span> <span class='ocrx_word' id='word_1_223' title='bbox 728 5091 952 5175; x_wconf 70' lang='lat' dir='ltr'>lactarium</span> <span class='ocrx_word' id='word_1_224' title='bbox 994 5089 1297 5200; x_wconf 90' lang='lat' dir='ltr'>prominentem</span> <span class='ocrx_word' id='word_1_225' title='bbox 1338 5105 1501 5175; x_wconf 90' lang='lat' dir='ltr'>tantmn</span> <span class='ocrx_word' id='word_1_226' title='bbox 1548 5106 1712 5203; x_wconf 88' lang='lat' dir='ltr'>partem</span> <span class='ocrx_word' id='word_1_227' title='bbox 1761 5093 1969 5183; x_wconf 89' lang='lat' dir='ltr'>vesiculae</span> <span class='ocrx_word' id='word_1_228' title='bbox 2017 5102 2140 5188; x_wconf 88' lang='lat' dir='ltr'>vestit</span> <span class='ocrx_word' id='word_1_229' title='bbox 2187 5119 2231 5191; x_wconf 90' lang='lat' dir='ltr'>et</span> 
     </span>
     <span class='ocr_line' id='line_1_29' title="bbox 1280 5231 1565 5320; baseline 0.011 -3"><span class='ocrx_word' id='word_1_230' title='bbox 1280 5231 1565 5320; x_wconf 83' lang='lat' dir='ltr'>constituitur:</span> 
     </span>
    </p>

    <p class='ocr_par' dir='ltr' id='par_1_11' title="bbox 663 5374 1770 5494">
     <span class='ocr_line' id='line_1_30' title="bbox 663 5374 1770 5494; baseline 0.002 -31"><span class='ocrx_word' id='word_1_231' title='bbox 663 5377 705 5463; x_wconf 91' lang='lat' dir='ltr'>l.</span> <span class='ocrx_word' id='word_1_232' title='bbox 771 5375 989 5488; x_wconf 66' lang='lat' dir='ltr'>Epicteto</span> <span class='ocrx_word' id='word_1_233' title='bbox 1011 5374 1277 5487; x_wconf 74' lang='lat' dir='ltr'>peritoceali</span> <span class='ocrx_word' id='word_1_234' title='bbox 1306 5376 1382 5490; x_wconf 85' lang='lat' dir='ltr'>(cf.</span> <span class='ocrx_word' id='word_1_235' title='bbox 1413 5375 1516 5491; x_wconf 82' lang='lat' dir='ltr'>Fig.</span> <span class='ocrx_word' id='word_1_236' title='bbox 1548 5379 1639 5464; x_wconf 89' lang='lat' dir='ltr'>IX.</span> <span class='ocrx_word' id='word_1_237' title='bbox 1676 5379 1770 5494; x_wconf 85' lang='lat'>1.);·</span> 
     </span>
    </p>

    <p class='ocr_par' dir='ltr' id='par_1_12' title="bbox 660 5517 2332 5637">
     <span class='ocr_line' id='line_1_31' title="bbox 660 5517 2332 5637; baseline 0.011 -32"><span class='ocrx_word' id='word_1_238' title='bbox 660 5517 705 5605; x_wconf 76' lang='lat'>2.</span> <span class='ocrx_word' id='word_1_239' title='bbox 773 5517 882 5601; x_wconf 81' lang='lat' dir='ltr'>Tela</span> <span class='ocrx_word' id='word_1_240' title='bbox 916 5517 978 5602; x_wconf 83' lang='lat' dir='ltr'>ric</span> <span class='ocrx_word' id='word_1_241' title='bbox 1013 5517 1133 5603; x_wconf 82' lang='lat' dir='ltr'>dicta</span> <span class='ocrx_word' id='word_1_242' title='bbox 1168 5523 1401 5625; x_wconf 76' lang='lat' dir='ltr'>collatore,</span> <span class='ocrx_word' id='word_1_243' title='bbox 1439 5547 1547 5629; x_wconf 84' lang='lat' dir='ltr'>quae</span> <span class='ocrx_word' id='word_1_244' title='bbox 1593 5521 1723 5634; x_wconf 90' lang='lat' dir='ltr'>magis</span> <span class='ocrx_word' id='word_1_245' title='bbox 1763 5523 1915 5637; x_wconf 90' lang='lat' dir='ltr'>stipata</span> <span class='ocrx_word' id='word_1_246' title='bbox 1944 5547 2007 5617; x_wconf 91' lang='lat' dir='ltr'>est</span> <span class='ocrx_word' id='word_1_247' title='bbox 2037 5533 2091 5617; x_wconf 88' lang='lat' dir='ltr'>ad</span> <span class='ocrx_word' id='word_1_248' title='bbox 2121 5533 2332 5624; x_wconf 89' lang='lat' dir='ltr'>vesiculae</span> 
     </span>
    </p>
   </div>
   <div class='ocr_carea' id='block_1_8' title="bbox 0 0 2627 6580">
    <p class='ocr_par' dir='ltr' id='par_1_13' title="bbox 0 0 2627 6580">
     <span class='ocr_line' id='line_1_32' title="bbox 0 0 2627 6580; baseline 0 0"><span class='ocrx_word' id='word_1_249' title='bbox 0 0 2627 6580; x_wconf 95' lang='lat' dir='ltr'> </span> 
     </span>
    </p>
   </div>
  </div>
 </body>
</html>
