5284 6572
805 691 1657 780 *pam-

310 939 430 1023 arlest
459 949 585 1043 atque
614 927 910 1044 superioribtu.
971 927 1021 1012 ln
1051 925 1143 1014 ovis
1169 926 1363 1038 denique,
1393 955 1503 1038 quae
1531 929 1714 1042 gallinae
1742 931 1834 1018 sine
1857 935 1969 1048 gallo
1992 933 2139 1020 vivon·
2325 977 2330 988 ·

310 1096 375 1166 tes
403 1077 556 1166 enixae
585 1091 701 1177 sant,
731 1070 916 1158 vesicula
935 1069 1087 1174 deest,
1119 1085 1161 1156 et
1184 1070 1273 1187 jam
1301 1071 1346 1156 in
1374 1071 1570 1159 oviduotu
1599 1075 1771 1178 deerat,
1813 1091 1862 1168 ut
1889 1077 2136 1164 Puaslttts

305 1221 476 1340 jamjam
516 1213 753 1306 observavit
801 1230 927 1324 atque
968 1237 1046 1324 ego
1083 1228 1283 1324 expertus
1318 1241 1425 1300 sam.
1490 1216 1595 1302 Inde
1630 1217 1857 1304 vesiculam
1893 1216 2044 1330 colligo
2080 1245 2138 1320 ex

311 1392 391 1453 ovo
418 1378 582 1449 matum
611 1356 801 1473 protrudi
837 1353 880 1442 et
914 1353 1086 1442 dissolvi
1121 1354 1232 1442 inter
1266 1356 1453 1442 vitellmn
1481 1357 1696 1468 vitellique
1725 1363 2009 1446 membranam
2037 1331 2138 1448 aute

310 1503 661 1592 secundationem.
745 1501 964 1608 Numquam
1003 1513 1146 1584 tamen
1189 1475 1475 1586 membranam
1516 1500 1647 1588 vitelli
1688 1501 1887 1614 perforat.
1970 1503 2137 1590 Dooent

310 1651 480 1759 quidem
508 1639 739 1734 Psivosr
765 1659 809 1730 et
838 1645 1035 1741 Domus,
1067 1667 1147 1726 ova
1164 1667 1381 1766 ranarum
1408 1669 1557 1729 ιοοοοο
1586 1643 1698 1746 edita
1729 1671 1876 1754 ponam
1904 1645 2064 1730 habere
2091 1645 2137 1730 iu

310 1789 579 1878 membranis.
641 1784 901 1875 Conbariam
923 1810 1003 1895 ego
1021 1783 1190 1892 quidem
1213 1784 1351 1871 babeo
1376 1785 1639 1872 sententiam.
1697 1789 1910 1872 Mamrlam
1934 1785 2045 1872 enim
2068 1787 2138 1896 lta·

311 1951 423 2020 team
457 1933 504 2018 in
539 1955 700 2017 summo
743 1925 901 2014 vertice
944 1951 1117 2018 ovorum
1161 1951 1292 2036 ranae
1326 1927 1494 2038 saepius
1530 1928 1695 2014 obviam
1737 1957 1789 2015 ea
1830 1927 2057 2014 subtilitate
2093 1943 2138 2014 et

310 2074 599 2189 pertinacitate
636 2069 899 2173 examinavi,
941 2070 1109 2177 qualem
1144 2068 1209 2154 rei
1244 2067 1469 2156 dillictltas
1503 2086 1796 2180 tantorumque
1821 2071 2009 2158 virorum
2038 2097 2137 2182 gra·

310 2221 417 2306 vitas
445 2216 688 2326 reqttinmt,
730 2228 774 2298 at
813 2211 1006 2298 foramen
1040 2235 1127 2296 non
1155 2209 1299 2296 inveni
1326 2209 1372 2300 in
1397 2210 1532 2297 vitelii
1560 2218 1818 2300 membrana.
1884 2186 2137 2300 Punctulum

312 2367 535 2451 obscumtm
575 2359 622 2443 in
660 2357 827 2441 mecum
858 2356 976 2438 lutea
1005 2356 1059 2438 ab
1089 2351 1213 2439 fovea
1251 2369 1429 2465 augona
1468 2371 1512 2442 ot
1553 2355 1762 2468 proivmda
1797 2354 1964 2467 inipso
1992 2354 2136 2442 vitello

313 2508 482 2620 pendet.
555 2500 746 2589 Stratum
779 2511 1000 2610 praeterea
1035 2498 1304 2607 granulorum
1338 2495 1502 2610 nigrum
1540 2495 1745 2586 foramine
1785 2513 2001 2610 pertritum
2042 2521 2136 2584 esse

312 2648 399 2735 vidi
441 2644 569 2763 (Fig.
606 2640 785 2727 XXVI
797 2636 851 2753 ὅ.)
892 2653 937 2724 et
976 2638 1165 2724 vitellium
1204 2665 1298 2724 etun
1338 2640 1513 2728 matema
1554 2640 1695 2752 aliqua
1735 2639 1872 2727 minus
1912 2641 2137 2752 granulosa

315 2785 479 2908 (οοοὶοἰ
506 2782 686 2900 scilicet)
717 2810 844 2896 supra
872 2781 1081 2893 margines
1109 2781 1230 2868 strati
1259 2781 1358 2868 dimi
1388 2783 1600 2889 eminere,
1636 2800 1684 2869 ut
1712 2785 1818 2870 baeo
1854 2783 1995 2871 omnia
2030 2781 2135 2894 Fig.

313 2913 492 3021 XXVI
518 2933 552 3015 *.
588 2928 722 3041 pinxi.
773 2926 937 3035 ‘ltaque
972 2938 1150 3010 matum
1184 2923 1350 3036 nigrum
1385 2929 1439 3010 ab
1474 2926 1819 3014 blancaforte
1860 2927 1916 3010 ad
1951 2923 2138 3012 exterio

313 3105 417 3182 rem,
447 3075 593 3161 illaesa
620 3067 754 3156 vitelli
782 3071 1038 3169 membrana,
1069 3082 1284 3178 portuum
1311 3093 1407 3155 esse
1435 3072 1551 3156 clare
1580 3069 1785 3182 apparuit.
1844 3070 1962 3154 llaec
1991 3091 2136 3153 menae

314 3219 455 3335 Aprili
495 3217 540 3303 in
581 3216 704 3302 Rana
743 3209 996 3322 temporaria
1025 3208 1115 3294 visa
1146 3223 1188 3295 et
1217 3209 1329 3322 pieta
1358 3211 1514 3324 optime
1543 3227 1776 3324 oongrnrmt
1805 3239 1900 3297 erm
1928 3210 2137 3297 vesiculae

314 3357 630 3479 protuberantia
656 3380 801 3441 mense
829 3351 950 3470 Majo
977 3367 1162 3438 exeunte
1188 3351 1236 3438 in
1263 3354 1386 3438 Rana
1414 3357 1628 3442 momenta
1657 3359 1879 3442 observato
1915 3369 1958 3440 et
1985 3378 2136 3464 magna

315 3531 497 3594 caverna
524 3502 570 3586 in
598 3499 651 3585 iis
680 3495 782 3601 ovis,
812 3495 857 3582 in
885 3493 1035 3604 quibus
1064 3494 1247 3581 vesicula
1270 3497 1395 3585 motio
1420 3495 1694 3610 disparuerat.
1751 3497 1846 3584 Neo
1874 3499 2137 3600 Pvnttnvtu,

315 3649 386 3760 qui
415 3647 460 3733 in
489 3644 627 3730 avium
656 3639 746 3726 ovis
774 3665 832 3725 ex
859 3637 1041 3724 vesicula
1072 3636 1273 3724 dissoluta
1289 3639 1417 3724 -nasoi
1436 3621 1610 3756 conjicit
1646 3639 1710 3726 sic
1745 3639 1900 3726 dicum
1935 3637 2138 3746 colliqua·

314 3807 527 3892 mennam,
564 3783 684 3896 sequi
712 3807 843 3892 queo,
873 3805 969 3866 oum
997 3777 1166 3888 midam
1192 3777 1238 3863 in
1267 3804 1348 3867 ovo
1376 3797 1540 3868 maturo
1568 3779 1750 3872 vesicula
1779 3796 1894 3868 certe
1922 3807 1979 3868 ex
2008 3794 2139 3866 strato

316 3936 539 4050 granuloso
575 3926 748 4046 jamjam
786 3922 1034 4036 preminent.
1104 3922 1358 4028 Praeterea,
1399 3949 1508 4008 num-
1541 3951 1692 4011 revera
1732 3923 1777 4009 in
1818 3923 2014 4011 oviductu
2048 3921 2138 4038 jam

316 4073 645 4185 colliquamento'
667 4069 851 4181 gaudent
878 4091 959 4153 ova
987 4062 1251 4178 gallinacea?
1280 4113 1342 4145 .-
1399 4065 1547 4153 Lieetu
1568 4067 1694 4180 igitur
1715 4067 1819 4152 mibi
1841 4090 2007 4176 quotpto
2035 4089 2138 4176 pro-

316 4245 475 4338 ponere
504 4209 778 4328 hypasim,
809 4212 865 4294 ab
894 4206 1162 4296 ulterioribus
1191 4206 1546 4316 mansorum
1574 4212 1644 4296 vel
1673 4208 1717 4294 in
1753 4210 1904 4322 dogma
1945 4205 2138 4294 sancien-

317 4368 415 4451 dam
444 4363 514 4447 vel
542 4385 637 4444 cum
667 4353 762 4442 aliis
787 4351 1065 4438 tetrartum.
1140 4348 1383 4436 Vaticalont
1410 4349 1612 4466 fluent
1638 4366 1801 4464 partem
1829 4349 1898 4440 ovi
1926 4347 2140 4436 efficacem

317 4533 412 4595 esse
440 4502 706 4608 cretio,a1ua
734 4495 910 4582 monitos
938 4491 1141 4580 seuu'nina
1166 4491 1254 4580 vim
1282 4509 1505 4599 mercem,
1534 4510 1582 4579 ut
1609 4493 1787 4582 facultas
1815 4491 2041 4580 masculina
2070 4515 2140 4578 se-

317 4647 420 4752 mini
447 4645 556 4731 inest
582 4639 706 4726 virili.
766 4637 994 4723 Veu'oulao
1022 4634 1150 4749 igion
1177 4623 1385 4748 μοοοιοίο
1415 4651 1461 4723 et
1487 4635 1703 4724 dissolmm
1730 4641 1787 4722 ab
1811 4635 1880 4723 ovi
1902 4633 2143 4722 maturitate

321 4809 364 4880 et
393 4791 538 4878 iorstm
579 4779 813 4870 irritatione
854 4778 1101 4891 penderent.
1173 4779 1278 4864 Pom
1316 4777 1656 4864 laniationem
1683 4804 1831 4864 verum
1858 4777 2142 4864 blamoderma

320 4963 373 5023 eo
401 4939 496 5021 looo
525 4926 745 5027 evolvitur,
775 4947 859 5030 quo
889 4920 1100 5007 vesiculae
1127 4919 1277 5005 bmnor
1306 4915 1465 5004 eilimus
1494 4933 1572 5004 est.
1633 4919 1804 5004 Macula
1833 4919 1946 5006 em'm
1974 4919 2020 5004 in
2050 4916 2142 5005 ovis

321 5073 563 5191 gallinaceis
599 5069 723 5158 obvia
759 5066 859 5150 dun
893 5062 938 5148 in
979 5062 1128 5150 ovorio
1161 5059 1453 5166 confinem,
1496 5062 1832 5149 blamodemaus
1867 5088 2020 5150 nomen
2055 5086 2141 5145 non

320 5233 529 5320 mareon,
572 5215 646 5299 sed
683 5211 773 5328 ejm
807 5207 1053 5319 pmdmmus
1089 5202 1226 5315 potius
1261 5204 1442 5291 videtur.
1509 5203 1671 5292 Vitello
1699 5209 1916 5318 paululum
1945 5205 2142 5290 immersa

321 5379 386 5451 est
415 5376 460 5448 et
487 5355 645 5444 ambitu
680 5379 766 5439 non
801 5351 954 5463 gaudet
989 5345 1160 5432 delinito
1195 5345 1520 5458 circumscripto.
1586 5348 1885 5448 homnibus,
1920 5346 1967 5430 ni
1998 5345 2141 5445 iallor,

321 5507 419 5594 ovis·
441 5517 614 5590 stratum
643 5471 852 5606 quoddam
880 5494 1148 5604 granulosum
1177 5503 1275 5574 ante
1311 5491 1645 5576 blastodermatis
1687 5489 1966 5576 evolutionem
2008 5492 2141 5592 adest,
