5284 6572
965 677 1815 768 *pqffl

478 914 694 1019 mersa,
725 916 831 1001 duas
858 929 1022 1001 tantum
1050 911 1201 1017 lacios,
1237 914 1414 1000 alteram
1443 936 1589 998 versus
1616 915 1902 998 membranam
1938 910 2091 1015 vitelli,
2134 914 2309 996 alteram

480 1085 559 1172 per
589 1057 769 1145 colliculi
799 1081 1000 1142 cacumen
1028 1071 1193 1141 cratere
1221 1055 1282 1140 ibi
1309 1057 1488 1167 parvulo
1518 1055 1840 1158 circumdatam,
1871 1054 2027 1140 liberas
2054 1067 2308 1166 praesentat,

480 1202 541 1288 ita
570 1216 726 1305 tamen,
750 1215 797 1284 ut
819 1199 880 1284 ibi
909 1198 1210 1308 aliquantulum
1232 1202 1501 1284 membranae
1526 1199 1767 1302 adhaereat,
1796 1195 1867 1284 bic
1889 1223 1989 1284 vero
2013 1211 2188 1283 stratuum
2211 1194 2312 1280 sirm

483 1346 586 1457 plex
627 1345 895 1456 granulorum
936 1341 1048 1426 inter
1088 1367 1136 1428 se
1173 1339 1485 1428 cohaerentium
1526 1368 1602 1452 per
1638 1367 1731 1428 eam
1772 1341 2048 1426 continuatur.
2109 1336 2311 1426 Vesicula

484 1487 703 1574 humorem
732 1483 923 1574 diffluum
950 1483 1134 1572 continet
1157 1483 1502 1598 limpidissimom.
1562 1484 1612 1569 ln
1637 1482 1872 1570 cicatrictda
1899 1508 2074 1570 ovorum
2096 1498 2313 1594 partorum

485 1644 530 1715 et
557 1628 606 1715 in
634 1643 753 1716 utero
782 1632 852 1716 vel
881 1627 926 1714 in
955 1628 1155 1715 oviductu
1180 1627 1396 1730 latentium
1422 1652 1635 1734 nunquam
1656 1624 1882 1731 invenitur,
1912 1626 1959 1712 in
1981 1625 2135 1712 vitellis
2158 1639 2312 1728 amem,

487 1772 588 1859 dum
616 1771 661 1857 in
690 1749 834 1860 ovorio
863 1787 981 1876 sum,
1022 1799 1079 1858 ne
1106 1770 1288 1856 minimis
1317 1770 1485 1879 quidem
1514 1769 1727 1881 exceptis,
1765 1793 1930 1882 semper
1959 1771 2107 1859 adesse
2135 1766 2314 1870 videbor,

488 1941 619 2024 quare
649 1911 713 2000 Cl.
736 1915 984 2001 Prsarum
1010 1913 1237 2000 vesiculam
1261 1913 1416 1999 mamm
1439 1911 1508 2000 ovi
1532 1911 1759 2022 primordia
1780 1911 2038 2000 conminuere
2067 1909 2313 2024 suspicatur.

642 2057 811 2168 Qubus
838 2072 981 2144 tamen
1008 2057 1135 2142 liceat
1163 2058 1336 2160 addere,
1366 2081 1435 2142 me
1463 2081 1629 2164 quoque
1657 2055 1705 2140 in
1733 2055 1823 2141 ovis
1852 2053 2045 2157 minimis
2075 2057 2132 2141 ob
2160 2077 2315 2164 manu-

487 2201 625 2286 lorum
654 2199 862 2286 delectum
890 2198 1135 2310 pellucidis,
1172 2197 1397 2286 vesiculam
1425 2198 1636 2306 quandam
1664 2197 1839 2300 vidisse,
1869 2213 1913 2284 et
1941 2196 2131 2306 quidem,
2160 2195 2205 2282 ni
2233 2173 2315 2280 lal-

489 2345 576 2446 lor,
620 2341 675 2426 ad
711 2358 899 2428 centrum
934 2341 1066 2456 magis
1101 2341 1279 2454 positam
1319 2368 1444 2451 quam
1479 2342 1654 2452 posthac
1688 2340 1768 2430 sita
1798 2355 1878 2426 est.
1936 2341 1988 2428 lu
2017 2337 2107 2426 ovis
2136 2365 2162 2422 a
2193 2336 2315 2432 llio.

391 2499 413 2522 ·“
490 2486 545 2568 ad
574 2483 698 2570 unius
727 2483 866 2571 linem
894 2483 1145 2572 diamemrm
1174 2484 1379 2587 exoretis,
1417 2483 1724 2572 obscurioribus
1753 2499 1797 2568 et
1831 2463 2163 2584 albescentibus,
2206 2476 2316 2566 vesi*

492 2629 585 2711 cula
609 2626 698 2742 jam
727 2627 819 2713 sine
848 2626 1100 2713 dissectione
1128 2653 1212 2715 non
1244 2642 1433 2739 apparet.
1493 2626 1701 2712 Videmus
1735 2625 1905 2732 quidem
1938 2628 2016 2711 sub
2045 2621 2317 2733 microsoopio

493 2773 639 2857 orbem
667 2767 712 2853 in
741 2796 822 2856 ovo
850 2767 952 2856 satis
979 2796 1188 2882 magnum,
1218 2768 1292 2879 qui
1320 2785 1461 2856 nmen
1489 2794 1576 2855 non
1606 2794 1631 2853 a
1661 2767 1844 2856 vesicula
1871 2769 1946 2854 sed
1975 2794 2001 2852 a
2026 2765 2157 2853 vitelli
2184 2791 2318 2855 mem·

493 2916 627 3003 brana
667 2913 824 3023 pendet
863 2937 941 3024 per
980 2915 1146 3000 thecam
1181 2926 1485 3024 transparente.
1552 2909 1702 2998 Vitelli
1736 2913 1978 2999 membrana
2015 2909 2094 2996 hoc
2128 2924 2318 3020 tempore

433 3161 436 3172 Ι
493 3054 750 3144 crassissima
766 3041 769 3048 ’
786 3069 831 3141 et
865 3059 1088 3166 granulosa
1124 3071 1190 3142 est
1217 3054 1297 3159 ito,
1326 3071 1374 3144 ut
1409 3053 1565 3166 optime
1600 3069 1812 3141 mereatur
1852 3079 2005 3139 nomen
2045 3053 2319 3138 animatae

490 3203 771 3311 gromdosaa
801 3225 927 3306 mam
955 3199 1202 3288 Puumusu
1233 3223 1399 3306 quoquo
1434 3198 1495 3285 ita
1530 3193 1744 3282 describit.
1804 3197 2007 3281 Autumat
2026 3221 2127 3282 vero
2145 3195 2318 3304 granula

495 3339 730 3453 superficiei
771 3339 962 3427 internae
1001 3343 1270 3428 membranae
1310 3339 1570 3442 adhaererc3
1605 3340 1681 3424 sed
1716 3338 1862 3428 innata
1901 3315 2017 3440 sunt,
2053 3363 2122 3422 me
2158 3334 2317 3452 judice,

496 3499 539 3568 et
568 3487 811 3571 membrana
838 3481 977 3593 potius
1005 3509 1063 3567 ex
1091 3482 1143 3568 iis
1182 3483 1489 3591 quodamnodo
1530 3479 1816 3584 constituinu3
1858 3478 2040 3591 abstergi
2082 3476 2194 3567 cuim
2233 3503 2320 3566 nou

496 3641 683 3738 possunt.
743 3625 925 3712 Posthac
953 3626 1202 3713 nvmndrmm
1225 3629 1469 3738 grandosa
1497 3623 1543 3710 in
1567 3640 1743 3710 stratum
1772 3639 1994 3710 externum
2020 3624 2155 3725 laeve,
2186 3617 2348 3708 conti-⁴

497 3795 627 3857 nuum
654 3819 715 3834 -
744 3771 1027 3854 membranam
1055 3766 1190 3857 vitelli
1219 3782 1320 3879 puta
1348 3819 1408 3834 -
1438 3783 1481 3854 et
1510 3781 1687 3852 stratum
1715 3769 2006 3877 granulosum,
2048 3762 2179 3850 vitelli
2207 3761 2320 3874 peri.-

497 3909 686 4022 pheriam
716 3908 917 4020 efficiam,
947 3908 1107 4026 sejungi
1136 3909 1238 3998 mibi
1262 3910 1354 3997 visa
1377 3926 1455 3998 est.
1515 3910 1639 4020 Quae
1660 3908 1950 4017 qualicumque
1973 3909 2098 3993 modo
2120 3932 2215 3992 sese
2242 3906 2321 3990 ba-
2451 4005 2454 4010 ¹

499 4055 650 4154 beant,
686 4051 731 4136 id
767 4051 936 4160 quidem
971 4067 1131 4139 cernrm
1165 4054 1324 4156 habeo,
1366 4051 1590 4138 vesiculam
1624 4067 1724 4138 nunc
1759 4050 1958 4160 temporis
1993 4076 2079 4136 non
2114 4035 2320 4138 instrato

499 4197 722 4304 granvdoso
746 4194 911 4310 jacere,
942 4197 1018 4280 sed
1048 4197 1126 4281 sub
1156 4221 1208 4280 eo
1237 4198 1374 4284 locum
1415 4197 1574 4282 habere
1615 4194 1835 4302 eidemque
1871 4196 1926 4276 ab
1962 4190 2149 4278 interiori
2188 4193 2322 4280 latero

499 4335 814 4447 impressionem
844 4338 973 4440 dare,
1004 4355 1050 4424 ut
1078 4339 1248 4425 ovudmn
1277 4337 1570 4426 mammalium.

654 4478 778 4588 Quae
813 4495 1035 4590 praetcrea
1070 4479 1419 4566 excellentissima
1456 4483 1659 4567 docentum
1695 4480 1741 4566 in
1777 4504 1904 4590 opere
1940 4477 2077 4581 dicto,
2119 4478 2201 4564 buc
2237 4505 2322 4566 non
2491 4519 2499 4530 ·

498 4620 721 4732 pertinent.
1888 4700 1891 4713 .

656 4764 700 4848 V
694 4764 898 4853 eumdum
940 4763 1142 4878 flatsajt
1176 4765 1280 4880 (hoc
1307 4792 1462 4850 nomen
1492 4766 1604 4855 cuim
1629 4768 1741 4884 justo
1776 4765 1897 4852 titudo
1932 4781 2050 4877 geret
2085 4765 2182 4867 illa,
2224 4762 2321 4851 licet
2485 4747 2491 4762 ⁴

499 4907 641 4992 forsan
678 4909 764 5020 jam
806 4911 861 4992 ab
904 4907 988 4994 alio
1029 4913 1298 4996 observatore
1339 4909 1431 4996 visa
1468 4909 1547 5014 sit,
1593 4937 1688 4996 curn
1728 4922 1874 4996 auctor
1913 4923 2057 4994 noster
2100 4931 2193 4994 eam
2233 4922 2321 4993 tam

501 5048 705 5141 accuratis
741 5066 784 5134 et
825 5051 1044 5136 subtilibus
1080 5049 1466 5160 investigationibus
1504 5067 1745 5163 persecutus
1787 5049 1866 5154 sit,
1909 5063 1955 5134 ut
2002 5075 2114 5135 nuno
2154 5051 2321 5136 demum

501 5207 601 5288 uoto
631 5205 674 5280 et
702 5189 878 5278 historia
895 5191 999 5306 ,ejus
1025 5190 1072 5276 in
1100 5216 1181 5277 ovo
1211 5193 1443 5304 gallinaceo
1474 5195 1565 5283 lere
1589 5197 1779 5283 absoluta
1804 5189 2015 5306 videatur)
2045 5193 2090 5280 in
2116 5192 2210 5278 aliis
2234 5191 2322 5278 ovis

502 5332 703 5439 quiaesivi,
733 5349 871 5442 atque,
901 5332 982 5420 nisi
1011 5332 1056 5419 in
1083 5334 1233 5424 iisdem
1263 5315 1549 5442 relatoribus,
1580 5355 1719 5424 tamen
1748 5337 1793 5420 in
1811 5335 2029 5439 similibus,
2056 5334 2102 5420 in
2131 5336 2322 5421 omnibus

499 5473 656 5562 iuveni.
711 5476 791 5564 llis
819 5475 1205 5590 investigationibus
1233 5482 1408 5566 multum
1437 5479 1636 5590 temporis
1665 5493 1708 5565 et
1737 5504 1892 5590 operae
1919 5476 2085 5580 navavi,
2115 5503 2190 5562 eas
2218 5503 2321 5564 vero
