5284 6572
485 1773 579 1888 Sic
611 1774 673 1884 lis
707 1772 875 1880 adbuc
908 1773 1007 1883 sub
1042 1772 1220 1923 judice
1264 1794 1355 1883 est.
1439 1773 1504 1882 ld
1535 1797 1729 1883 tantum
1762 1793 1902 1883 extra
1947 1815 2157 1886 onmem

332 1928 657 2042 dubitationis
690 1925 860 2034 aleam
881 1924 1105 2072 positum
1138 1924 1365 2053 videtin,
1400 1925 1678 2039 vesiculam
1702 1921 2043 2036 Graafianam
2066 1928 2157 2034 ali-

330 2081 456 2233 quid
488 2078 558 2188 ad
590 2077 677 2192 ovi
699 2074 1044 2190 evolutionem
1078 2073 1343 2206 conferre,
1379 2075 1498 2223 quia
1534 2095 1650 2224 post
1683 2077 2073 2224 conceptionem
2105 2079 2159 2185 in

331 2270 519 2381 corpus
552 2231 749 2339 lutemn
781 2245 1018 2334 mutatur.
1089 2227 1187 2335 De
1218 2225 1407 2355 modo,
1448 2265 1552 2375 quo
1575 2267 1637 2336 ex
1655 2229 1890 2340 vesictdis
1925 2267 2026 2342 ova
2060 2227 2159 2338 ori·

331 2405 497 2512 annu,
534 2381 669 2489 duae
701 2378 885 2490 nostris
919 2377 1236 2524 temporibus
1268 2377 1441 2491 valent
1475 2380 1742 2528 opiniones
1771 2381 1997 2526 potiores
2030 2380 2162 2486 inter

333 2532 664 2647 anatomicos.
735 2527 845 2636 Alii
876 2545 1083 2676 putant,
1141 2527 1390 2642 vesiculas
1427 2523 1739 2641 Graafianas
1772 2530 1954 2640 vitellis
1987 2531 2159 2642 avium

332 2687 532 2838 penitus
576 2680 889 2828 respondere
931 2697 982 2788 ct
1025 2677 1239 2787 fluidum
1283 2678 1513 2788 innatum
1547 2681 1906 2792 membranula
1948 2679 2161 2787 circum·

333 2842 538 2965 datum,
573 2871 702 2980 ergo
734 2830 833 2940 sub
865 2828 1035 2940 sorum
1066 2829 1178 2959 ovi,
1213 2867 1247 2936 a
1269 2831 1393 2938 tuba
1424 2833 1599 2979 recipi.
1671 2831 1828 2940 Hanc
1859 2829 2160 2940 sententiam

332 2994 444 3141 ipse
475 2986 740 3130 bucusque
784 2979 892 3092 fovi
924 2980 998 3090 ¹ob
1031 2981 1362 3127 conspicuam
1395 2980 1774 3091 similimdinem
1819 2984 1949 3091 inter
1983 2980 2162 3094 ovan'a

239 3229 245 3246 .
333 3135 684 3253 mammalium
704 3150 753 3241 et
797 3130 969 3246 avium
1002 3128 1300 3278 semumque
1332 3131 1693 3244 evolutionem.
1765 3133 1874 3240 Alii
1893 3132 2163 3242 humorem

172 3355 175 3363 ’
333 3311 530 3403 tantum
562 3283 901 3404 vesiculanuu
934 3279 1047 3428 ejici
1077 3300 1128 3390 ct
1160 3320 1339 3428 perse
1372 3284 1456 3391 vel
1489 3321 1608 3392 cmn
1640 3283 1835 3393 semine
1877 3281 2008 3396 virili
2038 3283 2163 3388 mix·
2361 3391 2365 3399 ,

333 3465 443 3554 tum
486 3477 644 3554 ovum
678 3420 904 3546 formare
930 3432 1077 3541 inter
1110 3433 1258 3541 tubas
1303 3433 1540 3564 credunt3
1592 3473 1660 3543 ne
1689 3474 1780 3546 eos
1823 3433 2018 3562 dicam,
2076 3430 2165 3578 qui

332 3594 515 3745 spretis
560 3584 1000 3700 observationibus
1043 3581 1288 3712 laudatis,
1348 3603 1398 3692 et
1430 3585 1572 3693 nulla
1600 3586 1797 3698 ratione
1842 3584 2040 3694 setuum
2082 3621 2166 3690 ex·

333 3738 765 3856 tra-uterinomm
787 3733 984 3862 habita,
1019 3771 1119 3846 ova
1149 3733 1202 3839 in
1220 3753 1366 3845 utero
1388 3735 1529 3880 gigni
1551 3755 1745 3882 putant.
1815 3735 1912 3843 De
1934 3733 2100 3846 ovulis
2133 3765 2167 3838 a

335 3890 570 4013 vesiculis
602 3884 811 3999 diversis
845 3884 899 3992 in
932 3882 1111 3996 ovario
1145 3884 1310 3996 obviis
1332 3885 1414 3996 vix
1447 3887 1639 3998 mentio
1672 3883 1730 3993 fit
1751 3886 1820 3997 ab
1856 3883 2166 4011 auctoribus,

329 4048 465 4157 inter
498 4079 629 4190 quos
662 4073 822 4146 unmn
845 4052 1039 4142 anum
1072 4033 1269 4161 inveni,
1315 4034 1404 4180 qui
1435 4036 1590 4147 ovula
1624 4075 1746 4150 vera
1781 4034 1996 4147 fortasse
2026 4032 2166 4160 vidit,

336 4197 431 4312 sed
452 4213 558 4302 tam
579 4187 716 4296 male
739 4184 1016 4331 descripsit,
1052 4201 1105 4290 ut
1139 4184 1410 4296 observata
1431 4194 1541 4334 ejus
1562 4187 1772 4297 onmino
1795 4185 2031 4332 neglecta
2052 4183 2165 4290 sint.

492 4341 707 4481 Quibus
739 4334 1029 4484 praemissis
1063 4370 1154 4462 ea,
1202 4371 1335 4480 quae
1380 4334 1491 4482 ipse
1536 4336 1785 4482 cognovi,
1840 4372 2079 4445 enarrare
2112 4332 2170 4439 li·

340 4517 467 4611 ceat.
537 4489 847 4636 Incipiamus
880 4486 950 4597 ab
995 4484 1106 4597 ovis
1149 4483 1509 4595 maturioribus
1541 4507 1591 4594 et
1632 4488 1701 4597 ab
1746 4487 1823 4594 bis
1868 4487 1937 4596 ad
1969 4485 2172 4634 juniora

339 4679 682 4768 nameamus,
750 4636 871 4782 quia
913 4635 1011 4744 hac
1043 4635 1127 4747 via
1172 4673 1261 4764 ea,
1317 4674 1452 4781 quae
1494 4636 1886 4768 demonstrabo,
1956 4636 2173 4744 clariora

337 4806 478 4916 fient.
547 4787 790 4906 Eandem
812 4783 948 4898 viam
969 4786 1023 4893 in
1044 4783 1471 4930 disquisitionibus
1492 4787 1612 4931 ipsis
1642 4787 1786 4930 sequi
1809 4803 2019 4898 conatus
2041 4821 2173 4910 suun,

340 4967 588 5106 quanoun
609 4939 768 5090 potui.
840 4935 906 5044 ln
926 4935 1003 5042 bis
1036 4971 1162 5074 vero
1194 4950 1388 5040 tantum
1422 4934 1492 5044 ab
1526 4935 1796 5046 occasione
1816 4935 2071 5084 pendere,
2120 4948 2175 5039 ut

177 5109 188 5127 '
340 5144 449 5219 non
481 5096 655 5212 onmia
686 5125 791 5198 una
824 5086 956 5196 serie
986 5083 1224 5233 persequi
1256 5084 1535 5230 possimus,
1569 5086 1826 5196 neminem
1859 5085 2004 5232 fingit.

497 5246 660 5360 Canis
714 5278 816 5355 ova
858 5235 1178 5386 potissimum
1227 5237 1525 5352 examinavi.
1606 5235 1846 5350 Ovorum
1887 5255 1938 5346 et
1980 5233 2179 5343 fcturun

342 5404 681 5562 plurimorum
710 5409 928 5501 aetatem
960 5383 1185 5495 indicare
1217 5422 1324 5497 non
1355 5387 1515 5535 potui.
1593 5387 1700 5498 Ubi
1744 5387 1810 5494 de
1843 5386 1940 5495 hac
1972 5425 2030 5495 re
2072 5424 2176 5494 cer·

337 5565 441 5674 ,fior
463 5589 632 5679 eram,
668 5581 787 5652 cum
809 5537 1248 5652 observationibus
1270 5574 1303 5644 a
1328 5535 1606 5646 Pnnvosr
1633 5575 1704 5645 ur
1737 5537 1956 5646 Duuss
1990 5536 2178 5646 institu-
