5284 6572
991 667 1831 757 ,ψῃ-Ἤ

506 914 643 1010 diam,
680 897 776 996 cum
817 910 870 994 ad
913 923 1055 1021 partes
1083 905 1382 994 wmdmentes
1409 918 1572 990 tanum
1599 906 1855 1020 respicimus.
1916 902 2189 994 &muamus
2218 931 2258 990 v.
2287 933 2326 990 c.

504 1053 737 1142 mammalis
766 1051 979 1167 cujusdam
1007 1048 1194 1136 crarium
1223 1075 1319 1134 curm
1348 1045 1440 1134 avis
1468 1048 1612 1135 orario
1640 1065 1684 1136 ct
1712 1075 1857 1138 runca.
1925 1047 2075 1138 Ovarii
2103 1047 2327 1152 indusium,

506 1215 689 1300 suoma,
730 1194 879 1280 thecae
916 1194 1098 1295 adsunt,
1142 1219 1194 1277 ea
1229 1207 1391 1280 tantum
1432 1191 1698 1296 differentia,
1740 1194 1851 1300 quod
1894 1188 2103 1278 indusium
2140 1205 2182 1277 ct
2216 1205 2329 1278 stru-

506 1367 577 1428 ma
615 1338 660 1424 in
701 1336 847 1422 avibus
887 1334 1084 1444 ranisque
1123 1334 1313 1423 tenuiora
1342 1337 1451 1441 sint,
1494 1337 1609 1446 quod
1646 1333 1693 1422 in
1727 1334 1845 1420 ranis
1874 1351 2093 1447 praeterea
2121 1332 2330 1420 indusium

505 1483 713 1569 internum
742 1493 912 1590 propter
939 1478 1128 1563 internas
1156 1479 1357 1566 canutes
1386 1494 1587 1593 appareat
1613 1476 1913 1579 tenuissimum,
1943 1477 2137 1584 quodque
2159 1477 2330 1562 undem

506 1629 631 1714 theca
658 1622 704 1708 in
732 1618 847 1706 ranis
876 1620 930 1703 ad
960 1608 1161 1706 interiora
1198 1622 1410 1732 aperiaun
1451 1636 1495 1708 et
1534 1623 1722 1732 calycem
1762 1619 2003 1706 interiorem
2038 1622 2147 1707 hene
2182 1618 2330 1704 distin-

507 1768 718 1884 guendum
746 1761 913 1848 efficiat.
985 1751 1118 1851 Venit
1145 1777 1233 1858 tum
1262 1763 1395 1851 vitelli
1423 1768 1693 1866 membrana,
1724 1761 1908 1870 quaein
1935 1760 2225 1846 mammalihus
2254 1762 2331 1846 ad·

508 1905 574 2000 est
602 1912 679 1996 suh
707 1908 977 1991 membranae
1004 1903 1139 1990 ferma
1174 1909 1437 2016 granulosae.
1509 1903 1616 1992 Cum
1654 1907 1898 1992 membrana
1940 1903 2072 1990 vitelli
2105 1903 2152 1988 in
2188 1902 2332 1990 avibus

509 2069 553 2142 et
594 2047 813 2163 repntmus
854 2045 1045 2159 primitus
1086 2051 1165 2134 surh
1206 2052 1478 2138 membranae
1518 2047 1654 2134 scrma
1694 2061 1896 2158 appareat
1925 2049 2174 2158 grunnianae
2202 2061 2247 2132 et
2275 2073 2331 2132 cx

508 2198 589 2282 hac
618 2193 870 2308 sejungatur,
901 2187 1052 2274 dubius
1082 2213 1167 2274 non
1194 2190 1350 2277 haereo
1375 2191 1601 2280 vesiculam
1623 2189 1904 2276 mammulium
1929 2187 2195 2274 Grnafianam
2224 2187 2333 2276 circa

508 2340 619 2424 hanc
646 2348 810 2449 purtem
838 2357 933 2416 cum
962 2357 1041 2419 cvc
1071 2331 1325 2441 reliquorum
1354 2332 1593 2420 animalium
1618 2335 1949 2419 vertebratcnnn
1971 2325 2192 2418 immaturo
2216 2357 2332 2420 ccm-

509 2505 681 2594 ponere.
741 2474 925 2560 Vitellus
955 2473 1097 2560 avium
1125 2491 1168 2562 et
1196 2503 1395 2561 ranarum
1424 2503 1450 2562 e
1478 2475 1665 2588 granulis
1705 2475 1922 2587 permultis
1960 2473 2162 2560 vitellinis
2196 2473 2330 2561 minc·

509 2622 628 2730 rique
657 2616 888 2728 quantitate
917 2614 1138 2702 alhuminis
1166 2617 1284 2704 fluidi
1310 2633 1512 2704 conant·
1554 2617 1783 2704 vesiculae
1818 2616 2070 2706 Graalianae
2099 2641 2152 2703 ec
2180 2617 2333 2706 duntu-
2496 2699 2510 2724 ,

414 2750 417 2758 ’
507 2779 584 2850 xat
625 2758 849 2865 differunt,
886 2759 999 2869 quod
1038 2758 1244 2847 missorem
1284 2763 1469 2848 habeant
1510 2761 1778 2872 granrdcrum
1805 2759 2103 2870 curandutem,
2134 2758 2334 2876 majorem

509 2921 657 2994 cantra
685 2903 804 2988 fluidi
832 2899 961 2987 nativi
986 2902 1249 2990 albumincsi.
1309 2905 1538 2990 Praeterea
1562 2901 1652 2988 ovis
1675 2901 1834 2990 similes
1858 2917 1969 2989 sunt.
2028 2903 2198 2988 Habent
2221 2901 2332 2988 vesi·

510 3051 647 3136 culam
689 3044 801 3133 enim
834 3043 1038 3130 inclusam
1080 3043 1272 3160 (crulm
1300 3045 1458 3138 scilicet
1486 3047 1532 3132 in
1560 3041 1870 3157 mammalihus)
1901 3047 2067 3131 cunno
2096 3044 2332 3130 immersam

387 3297 390 3304 ,
512 3205 770 3298 sucumque
799 3187 1053 3300 prcligerum
1081 3214 1193 3274 nunc
1222 3188 1447 3276 vesiculam
1471 3189 1643 3299 cingens
1666 3215 1778 3274 nunc
1801 3187 1843 3274 ei
1866 3186 2145 3303 superjacens.
2210 3187 2255 3271 V
2249 3188 2332 3272 eei-

511 3338 614 3420 cula
641 3359 748 3443 ergo
787 3329 1036 3442 druujiuuu
1065 3357 1160 3420 euru
1198 3329 1262 3415 ad
1297 3331 1491 3418 cumam
1521 3331 1851 3444 generatimque
1879 3329 1943 3414 ud
1975 3357 2131 3442 scrpta
2169 3342 2332 3416 rumer-
2373 3375 2377 3384 ·

510 3503 613 3562 narn
654 3472 950 3586 respicientem,
992 3499 1115 3558 ccum
1154 3501 1261 3560 satae
1301 3485 1365 3560 est
1404 3474 1708 3560 mammutium.
1782 3471 1872 3562 Sed
1914 3471 2193 3559 evolutionem
2221 3475 2331 3582 quad

510 3617 683 3720 attinet,
714 3617 984 3701 vehementer
1012 3613 1219 3728 discrepat
1259 3644 1285 3702 a
1327 3611 1583 3726 reliqucmm
1623 3641 1703 3702 nvo
1745 3613 2009 3718 animalium,
2051 3641 2227 3724 quonum
2267 3616 2334 3702 cri

511 3761 685 3847 ancletus
713 3758 876 3871 integer
919 3783 975 3843 ex
1011 3757 1155 3848 avaria
1192 3758 1436 3864 devehitur,
1485 3757 1592 3848 tend
1631 3757 1841 3846 nasuturc
1876 3785 1963 3846 non
1997 3758 2141 3845 sedem
2175 3773 2334 3844 tantum

511 3900 780 4014 praebiturum
821 3900 898 3985 sed
932 3898 978 3984 in
1014 3898 1151 4012 ipsum
1186 3900 1324 4013 potius
1364 3901 1497 3990 letum
1533 3901 1907 3989 transformandus.
1965 3901 2017 3985 ln
2045 3900 2334 3986 mammalihus

511 4068 615 4130 vero
644 4039 832 4128 ceuctdu
860 4039 1014 4126 amatu
1043 4039 1230 4128 vitellrun
1258 4042 1390 4156 magis
1420 4047 1633 4131 excmurm
1662 4043 1849 4131 conduct
1890 4057 1933 4128 et
1973 4041 2143 4127 ratium
2171 4042 2236 4126 ad
2249 4044 2332 4156 se-

351 4281 357 4294 ·
513 4199 605 4272 trun
628 4182 877 4297 getu'tsmun
904 4182 1055 4268 hadita
1083 4212 1230 4279 umens
1257 4214 1351 4272 cccc
1371 4188 1535 4301 prebat
1565 4177 1700 4274 amun.
1766 4183 1901 4272 Ouum
1919 4185 2071 4298 fatale
2092 4184 2334 4298 diripuerit

512 4329 560 4414 in
587 4353 664 4412 cuc
692 4337 902 4412 mutante.
960 4326 1203 4414 Mammaha
1232 4354 1335 4441 ergo
1364 4329 1522 4418 hahent
1551 4356 1676 4417 ovum
1699 4328 1751 4418 in
1779 4354 1860 4416 ovo
1889 4342 1974 4430 cut,
2005 4326 2041 4414 si
2065 4328 2146 4412 hae
2168 4327 2333 4416 dicendi

512 4468 693 4558 furmula
721 4466 784 4554 uti
810 4467 929 4571 licet,
959 4494 1083 4555 cvtnn
1112 4469 1157 4556 in
1185 4473 1372 4558 secunda
1401 4470 1602 4584 petentia.
1632 4469 1670 4584 a)

666 4609 807 4722 Quam
835 4607 1116 4702 differentiam
1144 4628 1192 4697 ut
1219 4614 1368 4700 melius
1397 4612 1702 4725 concipiamus,
1746 4609 1801 4698 ad
1831 4611 1993 4700 sacries
2033 4614 2255 4700 redeamus
2292 4631 2334 4700 et

514 4753 726 4867 ophidicS,
763 4779 938 4862 quorum
974 4781 1098 4841 curm
1140 4756 1194 4840 ad
1235 4755 1516 4844 mammalium
1557 4783 1682 4843 ovum
1721 4756 1891 4868 propius
1922 4753 2107 4857 accedit,
2144 4757 2333 4863 quando·

514 4896 682 5005 quidem
721 4895 908 4982 amata
937 4895 1139 5012 Prakiafi
1173 4901 1228 4984 ad
1269 4899 1550 4988 maturitatem
1590 4900 1858 5012 pantdcrum
1898 4897 2181 4984 vitellincrum
2222 4899 2332 4984 haud
