5236 6582
969 715 1816 802 *lom-..-

522 985 527 992 ·
624 954 881 1042 'Membrana
909 955 1073 1040 interna
1102 957 1180 1040 sub
1208 956 1323 1039 lente
1352 949 1529 1064 simplici
1558 950 1855 1064 lepidissimum
1870 951 2046 1061 praebet
2063 947 2307 1058 adspectum

484 1104 584 1191 dum
610 1099 763 1213 mrget.
790 1099 792 1104 ’
823 1073 1006 1184 Annrrlis
1035 1095 1147 1182 enim
1174 1098 1244 1181 rel
1272 1094 1518 1207 sphaerulis,
1548 1109 1694 1182 centro
1722 1091 1932 1206 pellucido
1961 1086 2199 1204 peripheria
2228 1089 2305 1172 ob·

484 1241 659 1332 scuricri
697 1237 887 1355 praedita
914 1239 1100 1356 rideam.
1169 1239 1293 1350 Quae
1333 1241 1544 1343 maculae,
1574 1237 1611 1324 si
1631 1236 1786 1353 majori
1814 1232 2075 1347 miorcscopii
2103 1229 2147 1315 vi
2175 1227 2306 1345 subji-

486 1385 663 1488 ciuntur,
694 1381 820 1471 aliam
848 1382 1051 1468 exhibent
1079 1381 1256 1468 formam
1285 1380 1395 1480 acsi
1423 1379 1775 1493 metamorphosin
1803 1369 2135 1491 pascae'essent.
2197 1370 2307 1460 Sunt

487 1527 598 1616 euim
625 1551 705 1615 nec
733 1526 982 1638 sphaenrlae
1010 1551 1090 1624 nec
1118 1523 1209 1610 veri
1237 1523 1403 1623 annuli,
1433 1525 1509 1610 sed
1539 1549 1596 1608 ex
1624 1521 1809 1634 pannis
1837 1519 1974 1634 potius
2003 1516 2307 1604 constituuntu-

486 1669 531 1758 in
572 1674 698 1759 orbes
737 1668 988 1780 irregulares
1024 1665 1231 1778 dispositis
1261 1665 1386 1782 (Fr'g.
1415 1664 1519 1784 12),
1549 1667 1662 1752 unde
1700 1669 1781 1751 sub
1822 1661 1974 1750 minori
2007 1660 2121 1748 visus
2156 1657 2307 1769 angulo

489 1809 614 1928 (Fa‘g.
642 1808 718 1924 V.)
749 1815 873 1904 orbes
900 1809 1119 1898 continuos
1147 1834 1240 1896 esse
1268 1807 1537 1898 mentiuntur.
1597 1809 1758 1897 Oculus
1780 1801 2085 1917 miorcscopicis
2107 1805 2308 1889 observa·

488 1953 670 2042 tionibus
699 1954 895 2042 admetus
924 1951 1049 2038 facilc
1076 1951 1308 2062 cognoscit,
1345 1952 1424 2038 has
1458 1955 1644 2038 maculas
1676 1977 1763 2037 non
1797 1949 1880 2063 ipsi
1918 1951 2186 2034 membranae
2215 1967 2308 2030 esse

489 2097 675 2200 innatas,
711 2096 787 2180 sed
829 2095 918 2211 ejus
954 2094 1188 2207 superficiei
1224 2094 1455 2198 adhaerere
1489 2093 1694 2179 internae.
1760 2093 1901 2208 Major
1941 2104 2161 2203 praeterea
2189 2087 2309 2174 adest

489 2241 652 2326 macula
680 2240 811 2325 multo
834 2236 964 2348 magis
985 2263 1139 2349 opaca,
1170 2235 1415 2326 orbicularis
1439 2235 1543 2322 fere.
1604 2236 1692 2348 Oui
1709 2235 1883 2324 ammoni
1906 2233 1999 2320 visu
2022 2233 2188 2344 gannim,
2214 2253 2308 2314 eam

489 2379 614 2466 nudis
643 2380 774 2468 oculis
803 2378 864 2464 uti
892 2363 1135 2491 punctulum
1164 2377 1350 2466 albidum
1378 2377 1423 2464 in
1452 2406 1532 2467 ovo
1561 2380 1769 2491 pellucido
1797 2376 2013 2490 conspicit.
2074 2374 2308 2460 blimosoo-

490 2520 605 2636 pium
632 2523 839 2610 maculam
873 2548 899 2605 a
934 2525 1204 2611 membranae
1245 2521 1464 2633 superficie
1499 2522 1664 2608 interna
1705 2525 1919 2636 paululum
1954 2519 2113 2606 distare
2152 2515 2309 2606 lineola
2455 2531 2476 2554 '

490 2663 734 2764 tenuissima
762 2665 1019 2754 demonstrat
1046 2662 1092 2748 in
1120 2689 1173 2752 eo
1201 2663 1284 2752 situ
1306 2663 1550 2774 conspicua,
1580 2693 1664 2774 quo
1686 2667 1851 2752 macula
1874 2663 2105 2774 marginem
2118 2673 2308 2748 conmm-

491 2805 623 2920 plauti
658 2805 839 2904 advertit
881 2803 1007 2920 (Εἰς.
1037 2804 1159 2920 V‘.).
1226 2807 1341 2893 'l'trrn
1380 2822 1425 2892 et
1459 2807 1639 2894 tenuitas
1673 2809 1795 2925 hujus
1828 2805 2064 2920 corpusculi
2103 2815 2307 2917 appar-etr

491 2947 934 3062 denemmpodm
963 2963 1041 3052 ert,
1071 2952 1420 3058 quamtumulus.
1480 2943 2307 3052 Sihiocediscuitnshtuestntln-

490 3090 597 3190 ciem
625 3091 878 3188 exteriorem
906 3093 1097 3182 advertat
1125 3092 1399 3196 muratori,
1429 3107 1595 3205 macter
1624 3095 1770 3180 orbem
1797 3119 1975 3206 opacam
1998 3090 2187 3178 ambiens
2208 3089 2308 3176 halo

491 3230 754 3320 tenuissimus
795 3259 1094 3342 nonnumquam
1136 3232 1376 3347 percipitur.
1447 3235 1501 3320 ln
1542 3233 1646 3346 Fr’g.
1685 3237 1727 3316 V
1741 3232 1770 3320 ὃ.
1807 3238 2004 3323 halonem
2044 3231 2141 3320 rudi
2180 3231 2307 3318 modo

491 3377 696 3486 acrdpuun
724 3375 886 3474 ridetis.
946 3376 1060 3468 Tan
1088 3373 1355 3466 mbtdissina
1382 3403 1507 3464 nemo
1535 3377 1616 3464 nisi
1644 3380 1884 3467 D‘Anron
1914 3381 2079 3492 scalpro
2102 3377 2183 3462 rite
2206 3375 2307 3461 red·

492 3517 594 3604 dere
622 3520 748 3607 valet.

641 3662 937 3756 membranam
962 3661 1174 3754 lnnrnrn
1198 3689 1366 3761 soccum
1401 3691 1494 3752 csse
1533 3669 1720 3753 claummr
1754 3665 1828 3752 vix
1867 3665 2065 3752 crederes
2099 3662 2137 3752 si
2176 3661 2308 3749 colla·

490 3829 607 3915 psam
643 3804 948 3916 ocrtcnptnr's.
1015 3805 1325 3898 Ddacernh'one
1359 3835 1461 3895 vcro
1495 3812 1764 3896 membranae
1798 3807 2007 3896 corticnlis
2040 3809 2096 3894 de
2136 3807 2218 3896 hac
2258 3829 2307 3890 re

490 3944 643 4036 certior
669 3945 805 4042 nens
832 3973 940 4050 tum,
970 3963 1014 4034 et
1040 3947 1146 4034 nihil
1174 3954 1337 4054 obstat,
1366 3950 1468 4059 qrdn
1497 3951 1570 4036 illa
1597 3980 1677 4065 prc
1705 3955 1948 4038 nembrnna
1977 3949 2108 4037 vitelli
2147 3951 2307 4036 habea·

489 4103 578 4194 tur,
609 4103 652 4179 el
680 4089 819 4181 discus
848 4115 1003 4202 opacus
1032 4118 1109 4203 pro
1137 4091 1483 4178 bluhrdemcte.
2060 4079 2062 4085 ⁸

607 4234 658 4318 ln
686 4232 769 4326 alia
795 4257 905 4324 cane
931 4231 1074 4322 inveni
1099 4261 1183 4320 ova
1211 4233 1394 4344 minora,
1424 4235 1587 4322 tertiam
1616 4235 1756 4324 lineae
1791 4255 1953 4351 partem
1987 4237 2191 4326 diameuu
2224 4264 2304 4325 ex-

488 4373 667 4488 plentia,
696 4399 805 4484 prae
831 4373 969 4464 mam
998 4393 1155 4464 attente
1194 4377 1481 4491 inspicientem
1507 4377 1696 4492 effugere
1731 4399 1904 4493 possunt
1939 4381 2148 4468 facillima.
2206 4381 2306 4468 Non

488 4515 549 4607 ita
576 4515 784 4628 pellucido
813 4531 957 4620 eraut,
985 4543 1039 4602 ac
1066 4521 1191 4606 mado
1215 4521 1447 4632 descripta,
1477 4521 1529 4606 iis
1558 4539 1779 4633 praeterea
1807 4527 1932 4612 valde
1960 4525 2123 4630 unsilia,
2153 4523 2303 4610 sinon

487 4657 598 4752 torn
626 4657 809 4769 spicum
837 4657 1069 4770 sphaerica.
1127 4660 1311 4746 Eantlem
1338 4665 1605 4751 membranae
1629 4667 1778 4752 ecdcm
1801 4671 1926 4757 modo
1949 4669 2180 4786 disjunctae
2206 4681 2300 4754 sunt

486 4806 564 4888 snb
599 4798 897 4914 miorcscopi03
946 4800 1020 4886 illa
1061 4816 1202 4890 tamen
1237 4809 1413 4917 pabula
1447 4805 1493 4892 in
1528 4807 1741 4895 coronabis
1776 4813 2049 4896 nrembronce
2083 4809 2302 4926 superdido

484 4942 558 5028 vix
587 4944 810 5056 conspicua
838 4958 997 5046 erant;¹
1014 4948 1204 5033 mactdae
1232 4975 1389 5061 parvae
1418 4965 1563 5038 contra
1590 4950 1636 5038 in
1664 4953 1883 5064 superficie
1906 4954 2072 5041 interna
2095 4954 2206 5042 sacci
2234 4954 2302 5041 in·

483 5084 594 5174 terni
622 5085 884 5173 cbacmiores
913 5083 990 5171 snb
1017 5087 1290 5199 miorcscopio
1319 5092 1443 5176 valde
1477 5091 1754 5205 amplificante
1789 5096 1851 5182 uti
1880 5098 2063 5185 acervuli
2091 5125 2118 5184 e
2146 5127 2302 5211 gratnm

483 5228 537 5316 lis
559 5226 788 5316 minoribns
813 5225 998 5338 congesti
1022 5245 1305 5342 apparucnmt
1335 5230 1460 5347 (mg.
1482 5234 1559 5318 IV
1582 5232 1665 5349 *.);
1694 5238 1982 5325 blostodermn
2006 5243 2187 5330 crassius
2211 5258 2302 5331 erat

482 5397 608 5483 quam
634 5369 680 5458 in
709 5367 1067 5484 antecedentibus
1090 5397 1169 5458 nec
1198 5372 1300 5460 disci
1324 5377 1499 5465 sormam
1521 5377 1725 5486 exhibuit,
1756 5383 1829 5468 sed
1858 5386 2005 5472 tumuli
2033 5385 2223 5476 informis
2252 5417 2303 5478 ac

482 5515 517 5601 n·
546 5515 729 5602 nondum
759 5517 949 5600 exculnrs
977 5531 1086 5605 essct
1115 5514 1265 5606 discus.
