<?xml version="1.0" encoding="UTF-8"?>
<!DOCTYPE html PUBLIC "-//W3C//DTD XHTML 1.0 Transitional//EN"
    "http://www.w3.org/TR/xhtml1/DTD/xhtml1-transitional.dtd">
<html xmlns="http://www.w3.org/1999/xhtml" xml:lang="en" lang="en">
 <head>
  <title>
</title>
<meta http-equiv="Content-Type" content="text/html;charset=utf-8" />
  <meta name='ocr-system' content='tesseract 3.04.00' />
  <meta name='ocr-capabilities' content='ocr_page ocr_carea ocr_par ocr_line ocrx_word'/>
</head>
<body>
  <div class='ocr_page' id='page_1' title='image "./deovimammaliume00baergoog_0020.png"; bbox 0 0 5284 6572; ppageno 0'>
   <div class='ocr_carea' id='block_1_1' title="bbox 837 738 1641 822">
    <p class='ocr_par' dir='ltr' id='par_1_1' title="bbox 837 738 1641 822">
     <span class='ocr_line' id='line_1_1' title="bbox 837 738 1641 822; baseline 0 -24"><span class='ocrx_word' id='word_1_1' title='bbox 837 738 1641 822; x_wconf 72' lang='grc'>-.-..7-.-........</span> 
     </span>
    </p>
   </div>
   <div class='ocr_carea' id='block_1_2' title="bbox 317 972 2148 4627">
    <p class='ocr_par' dir='ltr' id='par_1_2' title="bbox 318 972 2148 3510">
     <span class='ocr_line' id='line_1_2' title="bbox 321 972 2144 1087; baseline -0.002 -26"><span class='ocrx_word' id='word_1_2' title='bbox 321 974 459 1061; x_wconf 89' lang='lat' dir='ltr'><strong>libera</strong></span> <span class='ocrx_word' id='word_1_3' title='bbox 495 975 690 1087; x_wconf 83' lang='lat' dir='ltr'><strong>parvula,</strong></span> <span class='ocrx_word' id='word_1_4' title='bbox 732 972 938 1058; x_wconf 90' lang='lat' dir='ltr'><strong>diametro</strong></span> <span class='ocrx_word' id='word_1_5' title='bbox 967 972 1123 1057; x_wconf 91' lang='lat' dir='ltr'><strong>lineam</strong></span> <span class='ocrx_word' id='word_1_6' title='bbox 1155 972 1371 1058; x_wconf 79' lang='lat' dir='ltr'><strong>dimidiam</strong></span> <span class='ocrx_word' id='word_1_7' title='bbox 1407 972 1642 1083; x_wconf 82' lang='lat' dir='ltr'><strong>explentia,</strong></span> <span class='ocrx_word' id='word_1_8' title='bbox 1674 973 1766 1059; x_wconf 89' lang='lat' dir='ltr'><strong>sino</strong></span> <span class='ocrx_word' id='word_1_9' title='bbox 1802 975 1891 1060; x_wconf 91' lang='lat' dir='ltr'><strong>ullo</strong></span> <span class='ocrx_word' id='word_1_10' title='bbox 1921 973 2031 1060; x_wconf 83' lang='lat' dir='ltr'><strong>lettrs</strong></span> <span class='ocrx_word' id='word_1_11' title='bbox 2067 1000 2144 1058; x_wconf 83' lang='lat' dir='ltr'><strong>ve-</strong></span> 
     </span>
     <span class='ocr_line' id='line_1_3' title="bbox 324 1114 2145 1231; baseline -0.002 -27"><span class='ocrx_word' id='word_1_12' title='bbox 324 1117 445 1230; x_wconf 84' lang='lat' dir='ltr'><strong>stigio</strong></span> <span class='ocrx_word' id='word_1_13' title='bbox 486 1116 653 1220; x_wconf 87' lang='lat' dir='ltr'><strong>inveni,</strong></span> <span class='ocrx_word' id='word_1_14' title='bbox 696 1115 751 1200; x_wconf 91' lang='lat' dir='ltr'><strong>de</strong></span> <span class='ocrx_word' id='word_1_15' title='bbox 786 1114 938 1223; x_wconf 84' lang='lat' dir='ltr'><strong>quibus</strong></span> <span class='ocrx_word' id='word_1_16' title='bbox 967 1114 1079 1200; x_wconf 87' lang='lat' dir='ltr'><strong>infra</strong></span> <span class='ocrx_word' id='word_1_17' title='bbox 1108 1141 1246 1202; x_wconf 88' lang='lat' dir='ltr'><strong>senno</strong></span> <span class='ocrx_word' id='word_1_18' title='bbox 1275 1115 1361 1200; x_wconf 89' lang='lat' dir='ltr'><strong>fiet.</strong></span> <span class='ocrx_word' id='word_1_19' title='bbox 1422 1115 1572 1200; x_wconf 86' lang='lat' dir='ltr'><strong>Altera</strong></span> <span class='ocrx_word' id='word_1_20' title='bbox 1601 1115 1717 1201; x_wconf 87' lang='lat' dir='ltr'><strong>cauis</strong></span> <span class='ocrx_word' id='word_1_21' title='bbox 1746 1116 1933 1231; x_wconf 89' lang='lat' dir='ltr'><strong>ejusdem</strong></span> <span class='ocrx_word' id='word_1_22' title='bbox 1961 1115 2145 1227; x_wconf 86' lang='lat' dir='ltr'><strong>gravidi·</strong></span> 
     </span>
     <span class='ocr_line' id='line_1_4' title="bbox 323 1255 2143 1374; baseline -0.001 -27"><span class='ocrx_word' id='word_1_23' title='bbox 323 1259 420 1347; x_wconf 86' lang='lat' dir='ltr'><strong>tatis</strong></span> <span class='ocrx_word' id='word_1_24' title='bbox 447 1259 648 1372; x_wconf 86' lang='lat' dir='ltr'><strong>temporis</strong></span> <span class='ocrx_word' id='word_1_25' title='bbox 678 1259 826 1344; x_wconf 92' lang='lat' dir='ltr'><strong>eadem</strong></span> <span class='ocrx_word' id='word_1_26' title='bbox 855 1257 971 1360; x_wconf 90' lang='lat' dir='ltr'><strong>dedit</strong></span> <span class='ocrx_word' id='word_1_27' title='bbox 1000 1285 1093 1344; x_wconf 88' lang='lat' dir='ltr'><strong>ova.</strong></span> <span class='ocrx_word' id='word_1_28' title='bbox 1156 1255 1313 1344; x_wconf 82' lang='lat' dir='ltr'><strong>Canem</strong></span> <span class='ocrx_word' id='word_1_29' title='bbox 1343 1255 1524 1366; x_wconf 90' lang='lat' dir='ltr'><strong>denique</strong></span> <span class='ocrx_word' id='word_1_30' title='bbox 1553 1261 1688 1344; x_wconf 84' lang='lat' dir='ltr'><strong>ctdtro</strong></span> <span class='ocrx_word' id='word_1_31' title='bbox 1717 1259 1950 1346; x_wconf 88' lang='lat' dir='ltr'><strong>anatomioo</strong></span> <span class='ocrx_word' id='word_1_32' title='bbox 1973 1256 2143 1374; x_wconf 88' lang='lat' dir='ltr'><strong>subjeci,</strong></span> 
     </span>
     <span class='ocr_line' id='line_1_5' title="bbox 323 1399 2144 1515; baseline -0.001 -25"><span class='ocrx_word' id='word_1_33' title='bbox 323 1431 448 1512; x_wconf 61' lang='lat' dir='ltr'><strong>mam</strong></span> <span class='ocrx_word' id='word_1_34' title='bbox 489 1401 645 1515; x_wconf 87' lang='lat' dir='ltr'><strong>optime</strong></span> <span class='ocrx_word' id='word_1_35' title='bbox 685 1399 788 1488; x_wconf 84' lang='lat' dir='ltr'><strong>scivi</strong></span> <span class='ocrx_word' id='word_1_36' title='bbox 830 1399 896 1515; x_wconf 84' lang='lat' dir='ltr'><strong>(in</strong></span> <span class='ocrx_word' id='word_1_37' title='bbox 930 1428 1025 1486; x_wconf 90' lang='lat' dir='ltr'><strong>mea</strong></span> <span class='ocrx_word' id='word_1_38' title='bbox 1062 1399 1173 1487; x_wconf 91' lang='lat' dir='ltr'><strong>enim</strong></span> <span class='ocrx_word' id='word_1_39' title='bbox 1201 1401 1325 1486; x_wconf 93' lang='lat' dir='ltr'><strong>domo</strong></span> <span class='ocrx_word' id='word_1_40' title='bbox 1355 1401 1545 1507; x_wconf 82' lang='lat' dir='ltr'><strong>vivebat)</strong></span> <span class='ocrx_word' id='word_1_41' title='bbox 1589 1417 1687 1487; x_wconf 88' lang='lat' dir='ltr'><strong>ante</strong></span> <span class='ocrx_word' id='word_1_42' title='bbox 1717 1401 1862 1512; x_wconf 82' lang='lat' dir='ltr'><strong>viginti</strong></span> <span class='ocrx_word' id='word_1_43' title='bbox 1890 1401 1981 1488; x_wconf 87' lang='lat' dir='ltr'><strong>dies</strong></span> <span class='ocrx_word' id='word_1_44' title='bbox 2010 1402 2144 1513; x_wconf 86' lang='lat' dir='ltr'><strong>prima</strong></span> 
     </span>
     <span class='ocr_line' id='line_1_6' title="bbox 322 1543 2145 1656; baseline -0.001 -24"><span class='ocrx_word' id='word_1_45' title='bbox 322 1547 414 1632; x_wconf 87' lang='lat' dir='ltr'><strong>vice</strong></span> <span class='ocrx_word' id='word_1_46' title='bbox 443 1562 487 1632; x_wconf 91' lang='lat' dir='ltr'><strong>et</strong></span> <span class='ocrx_word' id='word_1_47' title='bbox 516 1561 615 1631; x_wconf 90' lang='lat' dir='ltr'><strong>ante</strong></span> <span class='ocrx_word' id='word_1_48' title='bbox 643 1544 925 1655; x_wconf 78' lang='lat' dir='ltr'><strong>septendecim</strong></span> <span class='ocrx_word' id='word_1_49' title='bbox 954 1543 1046 1630; x_wconf 90' lang='lat' dir='ltr'><strong>dies</strong></span> <span class='ocrx_word' id='word_1_50' title='bbox 1075 1543 1220 1629; x_wconf 75' lang='lat' dir='ltr'><strong>uuna</strong></span> <span class='ocrx_word' id='word_1_51' title='bbox 1249 1543 1341 1628; x_wconf 88' lang='lat' dir='ltr'><strong>viee</strong></span> <span class='ocrx_word' id='word_1_52' title='bbox 1370 1570 1465 1628; x_wconf 92' lang='lat' dir='ltr'><strong>cum</strong></span> <span class='ocrx_word' id='word_1_53' title='bbox 1488 1571 1603 1628; x_wconf 86' lang='lat' dir='ltr'><strong>mare</strong></span> <span class='ocrx_word' id='word_1_54' title='bbox 1626 1543 1812 1630; x_wconf 87' lang='lat' dir='ltr'><strong>coivisse.</strong></span> <span class='ocrx_word' id='word_1_55' title='bbox 1872 1546 2024 1631; x_wconf 89' lang='lat' dir='ltr'><strong>Denuo</strong></span> <span class='ocrx_word' id='word_1_56' title='bbox 2048 1571 2145 1656; x_wconf 78' lang='lat' dir='ltr'><strong>spos</strong></span> 
     </span>
     <span class='ocr_line' id='line_1_7' title="bbox 321 1685 2144 1802; baseline 0 -28"><span class='ocrx_word' id='word_1_57' title='bbox 321 1715 389 1774; x_wconf 89' lang='lat' dir='ltr'><strong>me</strong></span> <span class='ocrx_word' id='word_1_58' title='bbox 418 1687 581 1776; x_wconf 79' lang='lat' dir='ltr'><strong>fefellit.</strong></span> <span class='ocrx_word' id='word_1_59' title='bbox 621 1688 737 1776; x_wconf 82' lang='lat' dir='ltr'><strong>&#39;Ova</strong></span> <span class='ocrx_word' id='word_1_60' title='bbox 767 1687 945 1773; x_wconf 90' lang='lat' dir='ltr'><strong>duarum</strong></span> <span class='ocrx_word' id='word_1_61' title='bbox 973 1687 1180 1772; x_wconf 86' lang='lat' dir='ltr'><strong>linearum</strong></span> <span class='ocrx_word' id='word_1_62' title='bbox 1215 1685 1409 1771; x_wconf 79' lang='lat' dir='ltr'><strong>diametri</strong></span> <span class='ocrx_word' id='word_1_63' title='bbox 1445 1687 1533 1802; x_wconf 87' lang='lat' dir='ltr'><strong>jam</strong></span> <span class='ocrx_word' id='word_1_64' title='bbox 1572 1702 1659 1772; x_wconf 87' lang='lat' dir='ltr'><strong>tam</strong></span> <span class='ocrx_word' id='word_1_65' title='bbox 1688 1701 1804 1772; x_wconf 88' lang='lat' dir='ltr'><strong>arcte</strong></span> <span class='ocrx_word' id='word_1_66' title='bbox 1839 1702 1961 1776; x_wconf 89' lang='lat' dir='ltr'><strong>utero</strong></span> <span class='ocrx_word' id='word_1_67' title='bbox 2002 1687 2144 1798; x_wconf 77' lang='lat' dir='ltr'><strong>cinge·</strong></span> 
     </span>
     <span class='ocr_line' id='line_1_8' title="bbox 321 1828 2148 1938; baseline -0.002 -22"><span class='ocrx_word' id='word_1_68' title='bbox 321 1835 493 1936; x_wconf 78' lang='lat' dir='ltr'><strong>banau,</strong></span> <span class='ocrx_word' id='word_1_69' title='bbox 523 1847 571 1916; x_wconf 93' lang='lat' dir='ltr'><strong>ut</strong></span> <span class='ocrx_word' id='word_1_70' title='bbox 598 1829 716 1914; x_wconf 89' lang='lat' dir='ltr'><strong>irrita</strong></span> <span class='ocrx_word' id='word_1_71' title='bbox 744 1829 858 1916; x_wconf 91' lang='lat' dir='ltr'><strong>omni</strong></span> <span class='ocrx_word' id='word_1_72' title='bbox 887 1857 988 1915; x_wconf 86' lang='lat' dir='ltr'><strong>eura</strong></span> <span class='ocrx_word' id='word_1_73' title='bbox 1017 1830 1243 1914; x_wconf 85' lang='lat' dir='ltr'><strong>dilacerata</strong></span> <span class='ocrx_word' id='word_1_74' title='bbox 1273 1829 1370 1915; x_wconf 91' lang='lat' dir='ltr'><strong>sint.</strong></span> <span class='ocrx_word' id='word_1_75' title='bbox 1430 1828 1555 1938; x_wconf 75' lang='lat' dir='ltr'><strong>Quae</strong></span> <span class='ocrx_word' id='word_1_76' title='bbox 1583 1830 1731 1915; x_wconf 89' lang='lat' dir='ltr'><strong>melius</strong></span> <span class='ocrx_word' id='word_1_77' title='bbox 1760 1832 1984 1916; x_wconf 84' lang='lat' dir='ltr'><strong>observare</strong></span> <span class='ocrx_word' id='word_1_78' title='bbox 2012 1829 2148 1938; x_wconf 87' lang='lat' dir='ltr'><strong>licuit,</strong></span> 
     </span>
     <span class='ocr_line' id='line_1_9' title="bbox 320 1970 2143 2080; baseline -0.001 -21"><span class='ocrx_word' id='word_1_79' title='bbox 320 1973 450 2060; x_wconf 85' lang='lat' dir='ltr'><strong>fetum</strong></span> <span class='ocrx_word' id='word_1_80' title='bbox 489 1974 675 2059; x_wconf 90' lang='lat' dir='ltr'><strong>nondum</strong></span> <span class='ocrx_word' id='word_1_81' title='bbox 710 1971 933 2075; x_wconf 80' lang='lat' dir='ltr'><strong>fovebant3</strong></span> <span class='ocrx_word' id='word_1_82' title='bbox 971 1972 1017 2057; x_wconf 90' lang='lat' dir='ltr'><strong>in</strong></span> <span class='ocrx_word' id='word_1_83' title='bbox 1053 1998 1138 2057; x_wconf 94' lang='lat' dir='ltr'><strong>uno</strong></span> <span class='ocrx_word' id='word_1_84' title='bbox 1181 1985 1342 2057; x_wconf 76' lang='lat' dir='ltr'><strong>tantm</strong></span> <span class='ocrx_word' id='word_1_85' title='bbox 1377 1970 1481 2058; x_wconf 87' lang='lat' dir='ltr'><strong>stria</strong></span> <span class='ocrx_word' id='word_1_86' title='bbox 1509 1971 1647 2058; x_wconf 87' lang='lat' dir='ltr'><strong>tenuis</strong></span> <span class='ocrx_word' id='word_1_87' title='bbox 1685 1971 1870 2074; x_wconf 80' lang='lat' dir='ltr'><strong>(chordo</strong></span> <span class='ocrx_word' id='word_1_88' title='bbox 1899 1973 2083 2058; x_wconf 75' lang='lat' dir='ltr'><strong>doraulr&#39;o</strong></span> <span class='ocrx_word' id='word_1_89' title='bbox 2096 1971 2143 2080; x_wconf 74' lang='lat' dir='ltr'><strong>l)</strong></span> 
     </span>
     <span class='ocr_line' id='line_1_10' title="bbox 321 2113 2144 2226; baseline 0 -26"><span class='ocrx_word' id='word_1_90' title='bbox 321 2142 415 2201; x_wconf 90' lang='lat' dir='ltr'><strong>cum</strong></span> <span class='ocrx_word' id='word_1_91' title='bbox 444 2142 545 2201; x_wconf 90' lang='lat' dir='ltr'><strong>area</strong></span> <span class='ocrx_word' id='word_1_92' title='bbox 574 2116 755 2225; x_wconf 89' lang='lat' dir='ltr'><strong>quadam</strong></span> <span class='ocrx_word' id='word_1_93' title='bbox 784 2141 915 2225; x_wconf 86' lang='lat' dir='ltr'><strong>opaca</strong></span> <span class='ocrx_word' id='word_1_94' title='bbox 959 2113 1069 2200; x_wconf 80' lang='lat' dir='ltr'><strong>leurs</strong></span> <span class='ocrx_word' id='word_1_95' title='bbox 1097 2113 1327 2226; x_wconf 87' lang='lat' dir='ltr'><strong>primordia</strong></span> <span class='ocrx_word' id='word_1_96' title='bbox 1354 2113 1542 2201; x_wconf 88' lang='lat' dir='ltr'><strong>indicare</strong></span> <span class='ocrx_word' id='word_1_97' title='bbox 1578 2114 1812 2201; x_wconf 89' lang='lat' dir='ltr'><strong>videbatur.</strong></span> <span class='ocrx_word' id='word_1_98' title='bbox 1871 2117 1963 2201; x_wconf 89' lang='lat' dir='ltr'><strong>Neo</strong></span> <span class='ocrx_word' id='word_1_99' title='bbox 1985 2118 2144 2200; x_wconf 90' lang='lat' dir='ltr'><strong>blasto-</strong></span> 
     </span>
     <span class='ocr_line' id='line_1_11' title="bbox 321 2256 2144 2369; baseline 0.001 -27"><span class='ocrx_word' id='word_1_100' title='bbox 321 2259 464 2344; x_wconf 89' lang='lat' dir='ltr'><strong>derma</strong></span> <span class='ocrx_word' id='word_1_101' title='bbox 494 2261 608 2344; x_wconf 86' lang='lat' dir='ltr'><strong>clare</strong></span> <span class='ocrx_word' id='word_1_102' title='bbox 638 2258 830 2369; x_wconf 89' lang='lat' dir='ltr'><strong>apparuit</strong></span> <span class='ocrx_word' id='word_1_103' title='bbox 858 2273 901 2343; x_wconf 89' lang='lat' dir='ltr'><strong>et</strong></span> <span class='ocrx_word' id='word_1_104' title='bbox 930 2257 1040 2342; x_wconf 84' lang='lat' dir='ltr'><strong>circa</strong></span> <span class='ocrx_word' id='word_1_105' title='bbox 1069 2257 1179 2341; x_wconf 86' lang='lat' dir='ltr'><strong>hanc</strong></span> <span class='ocrx_word' id='word_1_106' title='bbox 1207 2272 1369 2368; x_wconf 78' lang='lat' dir='ltr'><strong>partem</strong></span> <span class='ocrx_word' id='word_1_107' title='bbox 1397 2256 1567 2343; x_wconf 93' lang='lat' dir='ltr'><strong>omnino</strong></span> <span class='ocrx_word' id='word_1_108' title='bbox 1597 2257 1746 2344; x_wconf 87' lang='lat' dir='ltr'><strong>dubius</strong></span> <span class='ocrx_word' id='word_1_109' title='bbox 1781 2261 2024 2362; x_wconf 82' lang='lat' dir='ltr'><strong>haererem,</strong></span> <span class='ocrx_word' id='word_1_110' title='bbox 2061 2256 2144 2344; x_wconf 88' lang='lat' dir='ltr'><strong>nisi</strong></span> 
     </span>
     <span class='ocr_line' id='line_1_12' title="bbox 321 2395 2144 2514; baseline 0.002 -29"><span class='ocrx_word' id='word_1_111' title='bbox 321 2426 414 2486; x_wconf 90' lang='lat' dir='ltr'><strong>eam</strong></span> <span class='ocrx_word' id='word_1_112' title='bbox 442 2401 489 2487; x_wconf 91' lang='lat' dir='ltr'><strong>in</strong></span> <span class='ocrx_word' id='word_1_113' title='bbox 518 2400 721 2488; x_wconf 85' lang='lat' dir='ltr'><strong>cuniculis</strong></span> <span class='ocrx_word' id='word_1_114' title='bbox 749 2399 959 2486; x_wconf 77' lang='lat' dir='ltr'><strong>vidissem.</strong></span> <span class='ocrx_word' id='word_1_115' title='bbox 1019 2399 1089 2483; x_wconf 85' lang='lat' dir='ltr'><strong>Ex</strong></span> <span class='ocrx_word' id='word_1_116' title='bbox 1117 2395 1183 2485; x_wconf 82' lang='lat' dir='ltr'><strong>bis</strong></span> <span class='ocrx_word' id='word_1_117' title='bbox 1213 2427 1293 2486; x_wconf 89' lang='lat' dir='ltr'><strong>ova</strong></span> <span class='ocrx_word' id='word_1_118' title='bbox 1323 2399 1509 2514; x_wconf 72' lang='lat' dir='ltr'><strong>epotam</strong></span> <span class='ocrx_word' id='word_1_119' title='bbox 1539 2399 1786 2487; x_wconf 81' lang='lat' dir='ltr'><strong>evolationis</strong></span> <span class='ocrx_word' id='word_1_120' title='bbox 1826 2401 1950 2488; x_wconf 84' lang='lat' dir='ltr'><strong>facile</strong></span> <span class='ocrx_word' id='word_1_121' title='bbox 1979 2417 2023 2487; x_wconf 88' lang='lat' dir='ltr'><strong>et</strong></span> <span class='ocrx_word' id='word_1_122' title='bbox 2051 2400 2144 2488; x_wconf 89' lang='lat' dir='ltr'><strong>sine</strong></span> 
     </span>
     <span class='ocr_line' id='line_1_13' title="bbox 320 2540 2144 2652; baseline 0.001 -26"><span class='ocrx_word' id='word_1_123' title='bbox 320 2543 507 2630; x_wconf 87' lang='lat' dir='ltr'><strong>laesione</strong></span> <span class='ocrx_word' id='word_1_124' title='bbox 537 2542 694 2648; x_wconf 82' lang='lat' dir='ltr'><strong>evolvi,</strong></span> <span class='ocrx_word' id='word_1_125' title='bbox 733 2541 831 2652; x_wconf 83' lang='lat' dir='ltr'><strong>quia</strong></span> <span class='ocrx_word' id='word_1_126' title='bbox 859 2544 1110 2628; x_wconf 72' lang='lat' dir='ltr'><strong>menubrorm</strong></span> <span class='ocrx_word' id='word_1_127' title='bbox 1139 2540 1353 2626; x_wconf 64' lang='lat' dir='ltr'><strong>euthalio</strong></span> <span class='ocrx_word' id='word_1_128' title='bbox 1383 2542 1564 2630; x_wconf 79' lang='lat' dir='ltr'><strong>crassior</strong></span> <span class='ocrx_word' id='word_1_129' title='bbox 1593 2558 1636 2629; x_wconf 90' lang='lat' dir='ltr'><strong>et</strong></span> <span class='ocrx_word' id='word_1_130' title='bbox 1664 2543 1845 2630; x_wconf 89' lang='lat' dir='ltr'><strong>minimis</strong></span> <span class='ocrx_word' id='word_1_131' title='bbox 1872 2560 2036 2631; x_wconf 85' lang='lat' dir='ltr'><strong>tanoun</strong></span> <span class='ocrx_word' id='word_1_132' title='bbox 2063 2543 2144 2628; x_wconf 86' lang='lat' dir='ltr'><strong>vil-</strong></span> 
     </span>
     <span class='ocr_line' id='line_1_14' title="bbox 320 2683 2144 2775; baseline 0.001 -4"><span class='ocrx_word' id='word_1_133' title='bbox 320 2685 372 2771; x_wconf 86' lang='lat' dir='ltr'><strong>lis</strong></span> <span class='ocrx_word' id='word_1_134' title='bbox 402 2685 535 2772; x_wconf 88' lang='lat' dir='ltr'><strong>obsita</strong></span> <span class='ocrx_word' id='word_1_135' title='bbox 565 2703 671 2775; x_wconf 87' lang='lat' dir='ltr'><strong>erat.</strong></span> <span class='ocrx_word' id='word_1_136' title='bbox 731 2687 782 2770; x_wconf 93' lang='lat' dir='ltr'><strong>ln</strong></span> <span class='ocrx_word' id='word_1_137' title='bbox 811 2685 902 2772; x_wconf 89' lang='lat' dir='ltr'><strong>ovis</strong></span> <span class='ocrx_word' id='word_1_138' title='bbox 931 2683 1084 2770; x_wconf 87' lang='lat' dir='ltr'><strong>nostris</strong></span> <span class='ocrx_word' id='word_1_139' title='bbox 1114 2684 1275 2771; x_wconf 89' lang='lat' dir='ltr'><strong>caninis</strong></span> <span class='ocrx_word' id='word_1_140' title='bbox 1297 2688 1549 2772; x_wconf 73' lang='lat' dir='ltr'><strong>numbram</strong></span> <span class='ocrx_word' id='word_1_141' title='bbox 1571 2685 1786 2771; x_wconf 67' lang='lat' dir='ltr'><strong>cuniculo</strong></span> <span class='ocrx_word' id='word_1_142' title='bbox 1808 2685 2033 2773; x_wconf 85' lang='lat' dir='ltr'><strong>tenerrima</strong></span> <span class='ocrx_word' id='word_1_143' title='bbox 2062 2687 2144 2772; x_wconf 87' lang='lat' dir='ltr'><strong>vil·</strong></span> 
     </span>
     <span class='ocr_line' id='line_1_15' title="bbox 320 2826 2143 2940; baseline 0 -26"><span class='ocrx_word' id='word_1_144' title='bbox 320 2828 371 2914; x_wconf 93' lang='lat' dir='ltr'><strong>lis</strong></span> <span class='ocrx_word' id='word_1_145' title='bbox 399 2828 487 2916; x_wconf 89' lang='lat' dir='ltr'><strong>suis</strong></span> <span class='ocrx_word' id='word_1_146' title='bbox 516 2827 679 2940; x_wconf 85' lang='lat' dir='ltr'><strong>magnis</strong></span> <span class='ocrx_word' id='word_1_147' title='bbox 707 2855 802 2914; x_wconf 90' lang='lat' dir='ltr'><strong>cum</strong></span> <span class='ocrx_word' id='word_1_148' title='bbox 830 2826 940 2914; x_wconf 88' lang='lat' dir='ltr'><strong>uteri</strong></span> <span class='ocrx_word' id='word_1_149' title='bbox 968 2826 1135 2939; x_wconf 82' lang='lat' dir='ltr'><strong>cirtgulo</strong></span> <span class='ocrx_word' id='word_1_150' title='bbox 1163 2843 1249 2913; x_wconf 87' lang='lat' dir='ltr'><strong>tam</strong></span> <span class='ocrx_word' id='word_1_151' title='bbox 1278 2843 1393 2915; x_wconf 88' lang='lat' dir='ltr'><strong>arcte</strong></span> <span class='ocrx_word' id='word_1_152' title='bbox 1434 2831 1711 2933; x_wconf 78' lang='lat' dir='ltr'><strong>cohaerebat,</strong></span> <span class='ocrx_word' id='word_1_153' title='bbox 1753 2846 1800 2916; x_wconf 91' lang='lat' dir='ltr'><strong>ut</strong></span> <span class='ocrx_word' id='word_1_154' title='bbox 1835 2830 1911 2914; x_wconf 82' lang='lat' dir='ltr'><strong>vix</strong></span> <span class='ocrx_word' id='word_1_155' title='bbox 1951 2857 2021 2915; x_wconf 87' lang='lat' dir='ltr'><strong>ars</strong></span> <span class='ocrx_word' id='word_1_156' title='bbox 2056 2833 2143 2914; x_wconf 90' lang='lat' dir='ltr'><strong>ulla</strong></span> 
     </span>
     <span class='ocr_line' id='line_1_16' title="bbox 320 2967 2144 3086; baseline 0 -28"><span class='ocrx_word' id='word_1_157' title='bbox 320 2997 415 3058; x_wconf 91' lang='lat' dir='ltr'><strong>eam</strong></span> <span class='ocrx_word' id='word_1_158' title='bbox 450 2972 668 3086; x_wconf 83' lang='lat' dir='ltr'><strong>sejungere</strong></span> <span class='ocrx_word' id='word_1_159' title='bbox 709 2985 865 3084; x_wconf 88' lang='lat' dir='ltr'><strong>posset.</strong></span> <span class='ocrx_word' id='word_1_160' title='bbox 937 2967 989 3058; x_wconf 88' lang='lat' dir='ltr'><strong>Si</strong></span> <span class='ocrx_word' id='word_1_161' title='bbox 1030 2995 1082 3054; x_wconf 87' lang='lat' dir='ltr'><strong>ea</strong></span> <span class='ocrx_word' id='word_1_162' title='bbox 1122 2986 1263 3057; x_wconf 90' lang='lat' dir='ltr'><strong>mente</strong></span> <span class='ocrx_word' id='word_1_163' title='bbox 1291 2973 1512 3076; x_wconf 85' lang='lat' dir='ltr'><strong>recordor,</strong></span> <span class='ocrx_word' id='word_1_164' title='bbox 1543 2999 1652 3081; x_wconf 90' lang='lat' dir='ltr'><strong>quae</strong></span> <span class='ocrx_word' id='word_1_165' title='bbox 1682 2973 1737 3058; x_wconf 89' lang='lat' dir='ltr'><strong>de</strong></span> <span class='ocrx_word' id='word_1_166' title='bbox 1765 2971 1857 3059; x_wconf 90' lang='lat' dir='ltr'><strong>ovis</strong></span> <span class='ocrx_word' id='word_1_167' title='bbox 1892 2971 1952 3059; x_wconf 77' lang='lat'><strong>12</strong></span> <span class='ocrx_word' id='word_1_168' title='bbox 1982 2971 2144 3058; x_wconf 88' lang='lat' dir='ltr'><strong>dierum</strong></span> 
     </span>
     <span class='ocr_line' id='line_1_17' title="bbox 319 3109 2142 3225; baseline 0.001 -26"><span class='ocrx_word' id='word_1_169' title='bbox 319 3109 543 3203; x_wconf 78' lang='lat' dir='ltr'><strong>Padvosr</strong></span> <span class='ocrx_word' id='word_1_170' title='bbox 575 3129 619 3199; x_wconf 90' lang='lat' dir='ltr'><strong>et</strong></span> <span class='ocrx_word' id='word_1_171' title='bbox 647 3114 825 3202; x_wconf 76' lang='lat' dir='ltr'><strong>Duuns</strong></span> <span class='ocrx_word' id='word_1_172' title='bbox 849 3114 1020 3216; x_wconf 85' lang='lat' dir='ltr'><strong>docent,</strong></span> <span class='ocrx_word' id='word_1_173' title='bbox 1051 3111 1286 3225; x_wconf 77' lang='lat' dir='ltr'><strong>aupicarer</strong></span> <span class='ocrx_word' id='word_1_174' title='bbox 1312 3113 1360 3198; x_wconf 89' lang='lat' dir='ltr'><strong>in</strong></span> <span class='ocrx_word' id='word_1_175' title='bbox 1387 3139 1484 3200; x_wconf 88' lang='lat' dir='ltr'><strong>mea</strong></span> <span class='ocrx_word' id='word_1_176' title='bbox 1506 3139 1612 3200; x_wconf 89' lang='lat' dir='ltr'><strong>cane</strong></span> <span class='ocrx_word' id='word_1_177' title='bbox 1635 3139 1809 3200; x_wconf 69' lang='lat' dir='ltr'><strong>ovonem</strong></span> <span class='ocrx_word' id='word_1_178' title='bbox 1831 3113 1992 3200; x_wconf 73' lang='lat' dir='ltr'><strong>tauricas</strong></span> <span class='ocrx_word' id='word_1_179' title='bbox 2015 3139 2142 3225; x_wconf 80' lang='lat' dir='ltr'><strong>prae-</strong></span> 
     </span>
     <span class='ocr_line' id='line_1_18' title="bbox 318 3253 2143 3372; baseline -0.001 -28"><span class='ocrx_word' id='word_1_180' title='bbox 318 3274 386 3344; x_wconf 90' lang='lat' dir='ltr'><strong>ter</strong></span> <span class='ocrx_word' id='word_1_181' title='bbox 413 3273 607 3343; x_wconf 89' lang='lat' dir='ltr'><strong>naturam</strong></span> <span class='ocrx_word' id='word_1_182' title='bbox 643 3272 687 3342; x_wconf 91' lang='lat' dir='ltr'><strong>et</strong></span> <span class='ocrx_word' id='word_1_183' title='bbox 715 3281 936 3368; x_wconf 84' lang='lat' dir='ltr'><strong>suppressa</strong></span> <span class='ocrx_word' id='word_1_184' title='bbox 978 3253 1089 3341; x_wconf 88' lang='lat' dir='ltr'><strong>fctus</strong></span> <span class='ocrx_word' id='word_1_185' title='bbox 1131 3255 1371 3342; x_wconf 86' lang='lat' dir='ltr'><strong>evolutione</strong></span> <span class='ocrx_word' id='word_1_186' title='bbox 1410 3256 1620 3360; x_wconf 78' lang='lat' dir='ltr'><strong>crevisse3</strong></span> <span class='ocrx_word' id='word_1_187' title='bbox 1661 3256 1752 3342; x_wconf 83' lang='lat' dir='ltr'><strong>villi</strong></span> <span class='ocrx_word' id='word_1_188' title='bbox 1793 3255 1905 3344; x_wconf 91' lang='lat' dir='ltr'><strong>enim</strong></span> <span class='ocrx_word' id='word_1_189' title='bbox 1940 3257 2028 3372; x_wconf 89' lang='lat' dir='ltr'><strong>jam</strong></span> <span class='ocrx_word' id='word_1_190' title='bbox 2067 3281 2143 3342; x_wconf 87' lang='lat' dir='ltr'><strong>eos</strong></span> 
     </span>
     <span class='ocr_line' id='line_1_19' title="bbox 319 3395 1712 3510; baseline 0 -24"><span class='ocrx_word' id='word_1_191' title='bbox 319 3401 408 3489; x_wconf 88' lang='lat' dir='ltr'><strong>lere</strong></span> <span class='ocrx_word' id='word_1_192' title='bbox 439 3404 701 3510; x_wconf 82' lang='lat' dir='ltr'><strong>aequabant,</strong></span> <span class='ocrx_word' id='word_1_193' title='bbox 731 3396 882 3507; x_wconf 88' lang='lat' dir='ltr'><strong>quibus</strong></span> <span class='ocrx_word' id='word_1_194' title='bbox 912 3423 994 3484; x_wconf 88' lang='lat' dir='ltr'><strong>ova</strong></span> <span class='ocrx_word' id='word_1_195' title='bbox 1022 3395 1143 3484; x_wconf 87' lang='lat' dir='ltr'><strong>initio</strong></span> <span class='ocrx_word' id='word_1_196' title='bbox 1172 3398 1383 3510; x_wconf 88' lang='lat' dir='ltr'><strong>descripta</strong></span> <span class='ocrx_word' id='word_1_197' title='bbox 1412 3399 1549 3486; x_wconf 87' lang='lat' dir='ltr'><strong>obsita</strong></span> <span class='ocrx_word' id='word_1_198' title='bbox 1579 3417 1712 3486; x_wconf 89' lang='lat' dir='ltr'><strong>erant.</strong></span> 
     </span>
    </p>

    <p class='ocr_par' dir='ltr' id='par_1_3' title="bbox 317 3538 2143 4220">
     <span class='ocr_line' id='line_1_20' title="bbox 469 3538 2143 3652; baseline 0 -24"><span class='ocrx_word' id='word_1_199' title='bbox 469 3545 696 3629; x_wconf 88' lang='lat' dir='ltr'><strong>Praeterea</strong></span> <span class='ocrx_word' id='word_1_200' title='bbox 724 3541 868 3627; x_wconf 88' lang='lat' dir='ltr'><strong>icones</strong></span> <span class='ocrx_word' id='word_1_201' title='bbox 896 3538 1058 3626; x_wconf 85' lang='lat' dir='ltr'><strong>fetumn</strong></span> <span class='ocrx_word' id='word_1_202' title='bbox 1086 3540 1355 3646; x_wconf 89' lang='lat' dir='ltr'><strong>caninorum,</strong></span> <span class='ocrx_word' id='word_1_203' title='bbox 1387 3569 1492 3652; x_wconf 83' lang='lat' dir='ltr'><strong>quas</strong></span> <span class='ocrx_word' id='word_1_204' title='bbox 1507 3542 1679 3628; x_wconf 88' lang='lat' dir='ltr'><strong>&#39;laudati</strong></span> <span class='ocrx_word' id='word_1_205' title='bbox 1708 3559 1961 3631; x_wconf 84' lang='lat' dir='ltr'><strong>scrutatores</strong></span> <span class='ocrx_word' id='word_1_206' title='bbox 1990 3543 2143 3632; x_wconf 87' lang='lat' dir='ltr'><strong>Gallici</strong></span> 
     </span>
     <span class='ocr_line' id='line_1_21' title="bbox 319 3681 2141 3788; baseline -0.001 -16"><span class='ocrx_word' id='word_1_207' title='bbox 319 3685 626 3788; x_wconf 74' lang='lat' dir='ltr'><strong>exhibuerunt,</strong></span> <span class='ocrx_word' id='word_1_208' title='bbox 657 3710 751 3768; x_wconf 90' lang='lat' dir='ltr'><strong>cum</strong></span> <span class='ocrx_word' id='word_1_209' title='bbox 779 3681 885 3767; x_wconf 90' lang='lat' dir='ltr'><strong>meis</strong></span> <span class='ocrx_word' id='word_1_210' title='bbox 914 3681 1274 3769; x_wconf 85' lang='lat' dir='ltr'><strong>observationibus</strong></span> <span class='ocrx_word' id='word_1_211' title='bbox 1304 3709 1361 3769; x_wconf 83' lang='lat' dir='ltr'><strong>ex</strong></span> <span class='ocrx_word' id='word_1_212' title='bbox 1390 3684 1591 3771; x_wconf 84' lang='lat' dir='ltr'><strong>ulteriore</strong></span> <span class='ocrx_word' id='word_1_213' title='bbox 1621 3700 1665 3770; x_wconf 91' lang='lat' dir='ltr'><strong>et</strong></span> <span class='ocrx_word' id='word_1_214' title='bbox 1692 3689 1967 3772; x_wconf 87' lang='lat' dir='ltr'><strong>antecedente</strong></span> <span class='ocrx_word' id='word_1_215' title='bbox 1997 3689 2141 3772; x_wconf 87' lang='lat' dir='ltr'><strong>evolu-</strong></span> 
     </span>
     <span class='ocr_line' id='line_1_22' title="bbox 318 3825 2141 3935; baseline -0.002 -19"><span class='ocrx_word' id='word_1_216' title='bbox 318 3828 445 3916; x_wconf 89' lang='lat' dir='ltr'><strong>tionis</strong></span> <span class='ocrx_word' id='word_1_217' title='bbox 474 3841 699 3913; x_wconf 88' lang='lat' dir='ltr'><strong>statutam</strong></span> <span class='ocrx_word' id='word_1_218' title='bbox 727 3828 837 3911; x_wconf 88' lang='lat' dir='ltr'><strong>bene</strong></span> <span class='ocrx_word' id='word_1_219' title='bbox 866 3835 1119 3935; x_wconf 78' lang='lat' dir='ltr'><strong>congmunt,</strong></span> <span class='ocrx_word' id='word_1_220' title='bbox 1150 3839 1197 3909; x_wconf 92' lang='lat' dir='ltr'><strong>ut</strong></span> <span class='ocrx_word' id='word_1_221' title='bbox 1224 3851 1311 3912; x_wconf 88' lang='lat' dir='ltr'><strong>nou</strong></span> <span class='ocrx_word' id='word_1_222' title='bbox 1339 3825 1562 3931; x_wconf 84' lang='lat' dir='ltr'><strong>haesitem,</strong></span> <span class='ocrx_word' id='word_1_223' title='bbox 1593 3853 1721 3912; x_wconf 91' lang='lat' dir='ltr'><strong>unam</strong></span> <span class='ocrx_word' id='word_1_224' title='bbox 1750 3827 1796 3912; x_wconf 91' lang='lat' dir='ltr'><strong>in</strong></span> <span class='ocrx_word' id='word_1_225' title='bbox 1825 3831 1969 3914; x_wconf 88' lang='lat' dir='ltr'><strong>tabula</strong></span> <span class='ocrx_word' id='word_1_226' title='bbox 1998 3843 2141 3920; x_wconf 78' lang='lat' dir='ltr'><strong>nocua</strong></span> 
     </span>
     <span class='ocr_line' id='line_1_23' title="bbox 317 3966 2142 4085; baseline 0.001 -28"><span class='ocrx_word' id='word_1_227' title='bbox 317 3971 422 4085; x_wconf 65' lang='grc' dir='ltr'><strong>Εἰς.</strong></span> <span class='ocrx_word' id='word_1_228' title='bbox 452 3969 499 4056; x_wconf 86' lang='grc'><strong>6.</strong></span> <span class='ocrx_word' id='word_1_229' title='bbox 530 3985 574 4056; x_wconf 92' lang='lat' dir='ltr'><strong>et</strong></span> <span class='ocrx_word' id='word_1_230' title='bbox 605 3969 686 4054; x_wconf 85' lang='lat' dir='ltr'><strong>VI.</strong></span> <span class='ocrx_word' id='word_1_231' title='bbox 723 3982 919 4080; x_wconf 87' lang='lat' dir='ltr'><strong>repetere</strong></span> <span class='ocrx_word' id='word_1_232' title='bbox 947 3966 1004 4050; x_wconf 86' lang='lat' dir='ltr'><strong>ad</strong></span> <span class='ocrx_word' id='word_1_233' title='bbox 1032 3970 1323 4079; x_wconf 86' lang='lat' dir='ltr'><strong>complendam</strong></span> <span class='ocrx_word' id='word_1_234' title='bbox 1351 3966 1504 4057; x_wconf 87' lang='lat' dir='ltr'><strong>seriem</strong></span> <span class='ocrx_word' id='word_1_235' title='bbox 1546 3967 1786 4056; x_wconf 80' lang='lat' dir='ltr'><strong>formarum.</strong></span> <span class='ocrx_word' id='word_1_236' title='bbox 1855 3972 1994 4057; x_wconf 85' lang='lat' dir='ltr'><strong>Docet</strong></span> <span class='ocrx_word' id='word_1_237' title='bbox 2030 3969 2142 4058; x_wconf 86' lang='lat' dir='ltr'><strong>enim</strong></span> 
     </span>
     <span class='ocr_line' id='line_1_24' title="bbox 318 4086 1746 4220; baseline -0.003 -20"><span class='ocrx_word' id='word_1_238' title='bbox 318 4113 451 4200; x_wconf 88' lang='lat' dir='ltr'><strong>fetum</strong></span> <span class='ocrx_word' id='word_1_239' title='bbox 479 4112 674 4196; x_wconf 90' lang='lat' dir='ltr'><strong>caninum</strong></span> <span class='ocrx_word' id='word_1_240' title='bbox 702 4111 852 4197; x_wconf 87' lang='lat' dir='ltr'><strong>eodem</strong></span> <span class='ocrx_word' id='word_1_241' title='bbox 880 4111 1005 4196; x_wconf 92' lang='lat' dir='ltr'><strong>modo</strong></span> <span class='ocrx_word' id='word_1_242' title='bbox 1035 4135 1085 4193; x_wconf 91' lang='lat' dir='ltr'><strong>ac</strong></span> <span class='ocrx_word' id='word_1_243' title='bbox 1113 4111 1251 4220; x_wconf 87' lang='lat' dir='ltr'><strong>pullos</strong></span> <span class='ocrx_word' id='word_1_244' title='bbox 1279 4109 1421 4196; x_wconf 80' lang='lat' dir='ltr'><strong>nvitun</strong></span> <span class='ocrx_word' id='word_1_245' title='bbox 1448 4111 1563 4196; x_wconf 90' lang='lat' dir='ltr'><strong>oriri.</strong></span> <span class='ocrx_word' id='word_1_246' title='bbox 1744 4086 1746 4096; x_wconf 42' lang='lat'>⁵</span> 
     </span>
    </p>

    <p class='ocr_par' dir='ltr' id='par_1_4' title="bbox 317 4250 2141 4627">
     <span class='ocr_line' id='line_1_25' title="bbox 468 4250 2141 4364; baseline 0.003 -26"><span class='ocrx_word' id='word_1_247' title='bbox 468 4253 637 4364; x_wconf 75' lang='lat' dir='ltr'><strong>Quibus</strong></span> <span class='ocrx_word' id='word_1_248' title='bbox 677 4251 817 4337; x_wconf 88' lang='lat' dir='ltr'><strong>auimo</strong></span> <span class='ocrx_word' id='word_1_249' title='bbox 858 4250 1078 4364; x_wconf 76' lang='lat' dir='ltr'><strong>perpensis</strong></span> <span class='ocrx_word' id='word_1_250' title='bbox 1117 4277 1204 4338; x_wconf 93' lang='lat' dir='ltr'><strong>non</strong></span> <span class='ocrx_word' id='word_1_251' title='bbox 1240 4251 1430 4338; x_wconf 84' lang='lat' dir='ltr'><strong>dubitari</strong></span> <span class='ocrx_word' id='word_1_252' title='bbox 1459 4279 1583 4338; x_wconf 89' lang='lat' dir='ltr'><strong>ovum</strong></span> <span class='ocrx_word' id='word_1_253' title='bbox 1612 4253 1892 4340; x_wconf 81' lang='lat' dir='ltr'><strong>mammalium</strong></span> <span class='ocrx_word' id='word_1_254' title='bbox 1922 4255 1967 4340; x_wconf 89' lang='lat' dir='ltr'><strong>in</strong></span> <span class='ocrx_word' id='word_1_255' title='bbox 1995 4257 2141 4343; x_wconf 80' lang='lat' dir='ltr'><strong>orario</strong></span> 
     </span>
     <span class='ocr_line' id='line_1_26' title="bbox 317 4375 2140 4510; baseline 0 -26"><span class='ocrx_word' id='word_1_256' title='bbox 317 4375 495 4484; x_wconf 87' lang='lat' dir='ltr'><strong>eandem</strong></span> <span class='ocrx_word' id='word_1_257' title='bbox 535 4398 694 4482; x_wconf 87' lang='lat' dir='ltr'><strong>habere</strong></span> <span class='ocrx_word' id='word_1_258' title='bbox 735 4389 1039 4497; x_wconf 87' lang='lat' dir='ltr'><strong>conditionem,</strong></span> <span class='ocrx_word' id='word_1_259' title='bbox 1081 4419 1206 4502; x_wconf 75' lang='lat' dir='ltr'><strong>quum</strong></span> <span class='ocrx_word' id='word_1_260' title='bbox 1235 4419 1360 4480; x_wconf 79' lang='lat' dir='ltr'><strong>omum</strong></span> <span class='ocrx_word' id='word_1_261' title='bbox 1389 4393 1542 4480; x_wconf 86' lang='lat' dir='ltr'><strong>avium.</strong></span> <span class='ocrx_word' id='word_1_262' title='bbox 1601 4397 1749 4510; x_wconf 79' lang='lat' dir='ltr'><strong>Longe</strong></span> <span class='ocrx_word' id='word_1_263' title='bbox 1779 4398 1862 4484; x_wconf 87' lang='lat' dir='ltr'><strong>alia</strong></span> <span class='ocrx_word' id='word_1_264' title='bbox 1890 4398 2033 4486; x_wconf 74' lang='lat' dir='ltr'><strong>doum</strong></span> <span class='ocrx_word' id='word_1_265' title='bbox 2062 4403 2140 4486; x_wconf 93' lang='lat' dir='ltr'><strong>ob·</strong></span> 
     </span>
     <span class='ocr_line' id='line_1_27' title="bbox 317 4533 524 4627; baseline -0.014 0"><span class='ocrx_word' id='word_1_266' title='bbox 317 4533 524 4627; x_wconf 80' lang='lat' dir='ltr'><strong>servatio!</strong></span> 
     </span>
    </p>
   </div>
   <div class='ocr_carea' id='block_1_3' title="bbox 1043 4723 1412 4738">
    <p class='ocr_par' dir='ltr' id='par_1_5' title="bbox 1043 4723 1412 4738">
     <span class='ocr_line' id='line_1_28' title="bbox 1043 4723 1412 4738; baseline 0 -2"><span class='ocrx_word' id='word_1_267' title='bbox 1043 4723 1412 4738; x_wconf 32' lang='grc' dir='ltr'><strong>ἡ</strong></span> 
     </span>
    </p>
   </div>
   <div class='ocr_carea' id='block_1_4' title="bbox 1174 4945 1283 5062">
    <p class='ocr_par' dir='ltr' id='par_1_6' title="bbox 1174 4945 1283 5062">
     <span class='ocr_line' id='line_1_29' title="bbox 1174 4945 1283 5062; baseline 0.037 -36"><span class='ocrx_word' id='word_1_268' title='bbox 1174 4945 1207 5062; x_wconf 63' lang='lat' dir='ltr'><strong>pl.</strong></span> <span class='ocrx_word' id='word_1_269' title='bbox 1239 4945 1283 5032; x_wconf 76' lang='lat'><strong>2.</strong></span> 
     </span>
    </p>
   </div>
   <div class='ocr_carea' id='block_1_5' title="bbox 714 5154 1744 5268">
    <p class='ocr_par' dir='ltr' id='par_1_7' title="bbox 714 5154 1744 5268">
     <span class='ocr_line' id='line_1_30' title="bbox 714 5154 1744 5268; baseline 0.002 -24"><span class='ocrx_word' id='word_1_270' title='bbox 714 5155 819 5244; x_wconf 81' lang='lat' dir='ltr'><strong>ovt</strong></span> <span class='ocrx_word' id='word_1_271' title='bbox 860 5155 1068 5240; x_wconf 72' lang='lat' dir='ltr'><strong>coalui</strong></span> <span class='ocrx_word' id='word_1_272' title='bbox 1109 5154 1381 5240; x_wconf 81' lang='lat' dir='ltr'><strong>evolutio</strong></span> <span class='ocrx_word' id='word_1_273' title='bbox 1411 5155 1744 5268; x_wconf 79' lang='lat' dir='ltr'><strong>primitivo.</strong></span> 
     </span>
    </p>
   </div>
   <div class='ocr_carea' id='block_1_6' title="bbox 313 5323 2137 5648">
    <p class='ocr_par' dir='ltr' id='par_1_8' title="bbox 313 5323 2137 5648">
     <span class='ocr_line' id='line_1_31' title="bbox 466 5323 2137 5509; baseline 0.003 -29"><span class='ocrx_word' id='word_1_274' title='bbox 466 5396 642 5480; x_wconf 88' lang='lat' dir='ltr'><strong>Praeter</strong></span> <span class='ocrx_word' id='word_1_275' title='bbox 665 5420 745 5479; x_wconf 91' lang='lat' dir='ltr'><strong>ova</strong></span> <span class='ocrx_word' id='word_1_276' title='bbox 768 5395 893 5481; x_wconf 94' lang='lat' dir='ltr'><strong>modo</strong></span> <span class='ocrx_word' id='word_1_277' title='bbox 918 5323 1126 5501; x_wconf 74' lang='lat' dir='ltr'><strong>descripta</strong></span> <span class='ocrx_word' id='word_1_278' title='bbox 1151 5391 1319 5502; x_wconf 85' lang='lat' dir='ltr'><strong>saepius</strong></span> <span class='ocrx_word' id='word_1_279' title='bbox 1341 5389 1425 5475; x_wconf 89' lang='lat' dir='ltr'><strong>alia</strong></span> <span class='ocrx_word' id='word_1_280' title='bbox 1449 5391 1563 5495; x_wconf 78' lang='lat' dir='ltr'><strong>vidi3</strong></span> <span class='ocrx_word' id='word_1_281' title='bbox 1593 5397 1758 5506; x_wconf 83' lang='lat' dir='ltr'><strong>penims</strong></span> <span class='ocrx_word' id='word_1_282' title='bbox 1782 5397 2003 5509; x_wconf 87' lang='lat' dir='ltr'><strong>pellucido,</strong></span> <span class='ocrx_word' id='word_1_283' title='bbox 2029 5405 2137 5485; x_wconf 91' lang='lat' dir='ltr'><strong>mul-</strong></span> 
     </span>
     <span class='ocr_line' id='line_1_32' title="bbox 313 5531 2137 5648; baseline -0.005 -21"><span class='ocrx_word' id='word_1_284' title='bbox 313 5558 357 5627; x_wconf 92' lang='lat' dir='ltr'><strong>to</strong></span> <span class='ocrx_word' id='word_1_285' title='bbox 385 5540 562 5640; x_wconf 88' lang='lat' dir='ltr'><strong>minora,</strong></span> <span class='ocrx_word' id='word_1_286' title='bbox 593 5534 807 5622; x_wconf 87' lang='lat' dir='ltr'><strong>dimidiam</strong></span> <span class='ocrx_word' id='word_1_287' title='bbox 835 5537 989 5622; x_wconf 86' lang='lat' dir='ltr'><strong>lineam</strong></span> <span class='ocrx_word' id='word_1_288' title='bbox 1018 5532 1220 5619; x_wconf 84' lang='lat' dir='ltr'><strong>diametro</strong></span> <span class='ocrx_word' id='word_1_289' title='bbox 1244 5531 1466 5640; x_wconf 76' lang='lat' dir='ltr'><strong>aequuuotia</strong></span> <span class='ocrx_word' id='word_1_290' title='bbox 1497 5533 1675 5647; x_wconf 43' lang='lat' dir='ltr'><strong>(aas</strong></span> <span class='ocrx_word' id='word_1_291' title='bbox 1701 5547 1732 5642; x_wconf 89' lang='lat'><strong>),</strong></span> <span class='ocrx_word' id='word_1_292' title='bbox 1763 5565 1872 5648; x_wconf 82' lang='lat' dir='ltr'><strong>quae</strong></span> <span class='ocrx_word' id='word_1_293' title='bbox 1895 5555 1980 5625; x_wconf 86' lang='lat' dir='ltr'><strong>tam</strong></span> <span class='ocrx_word' id='word_1_294' title='bbox 2004 5541 2137 5632; x_wconf 69' lang='lat' dir='ltr'><strong>libere</strong></span> 
     </span>
    </p>
   </div>
   <div class='ocr_carea' id='block_1_7' title="bbox 0 0 2646 6569">
    <p class='ocr_par' dir='ltr' id='par_1_9' title="bbox 0 0 2646 6569">
     <span class='ocr_line' id='line_1_33' title="bbox 0 0 2646 6569; baseline 0 0"><span class='ocrx_word' id='word_1_295' title='bbox 0 0 2646 6569; x_wconf 95' lang='lat' dir='ltr'><strong> </strong></span> 
     </span>
    </p>
   </div>
  </div>
 </body>
</html>
