<?xml version="1.0" encoding="UTF-8"?>
<!DOCTYPE html PUBLIC "-//W3C//DTD XHTML 1.0 Transitional//EN"
    "http://www.w3.org/TR/xhtml1/DTD/xhtml1-transitional.dtd">
<html xmlns="http://www.w3.org/1999/xhtml" xml:lang="en" lang="en">
 <head>
  <title>
</title>
<meta http-equiv="Content-Type" content="text/html;charset=utf-8" />
  <meta name='ocr-system' content='tesseract 3.04.00' />
  <meta name='ocr-capabilities' content='ocr_page ocr_carea ocr_par ocr_line ocrx_word'/>
</head>
<body>
  <div class='ocr_page' id='page_1' title='image "./deovimammaliume00baergoog_0035.png"; bbox 0 0 5284 6572; ppageno 0'>
   <div class='ocr_carea' id='block_1_1' title="bbox 966 649 1812 738">
    <p class='ocr_par' dir='ltr' id='par_1_1' title="bbox 966 649 1812 738">
     <span class='ocr_line' id='line_1_1' title="bbox 966 649 1812 738; baseline -0.005 -25"><span class='ocrx_word' id='word_1_1' title='bbox 966 649 1812 738; x_wconf 64' lang='lat'>——22—</span> 
     </span>
    </p>
   </div>
   <div class='ocr_carea' id='block_1_2' title="bbox 451 881 2406 5540">
    <p class='ocr_par' dir='ltr' id='par_1_2' title="bbox 481 881 2406 1710">
     <span class='ocr_line' id='line_1_2' title="bbox 481 881 2301 995; baseline -0.003 -21"><span class='ocrx_word' id='word_1_2' title='bbox 481 893 594 975; x_wconf 87' lang='lat' dir='ltr'>luteo</span> <span class='ocrx_word' id='word_1_3' title='bbox 636 885 807 973; x_wconf 88' lang='lat' dir='ltr'>alterius</span> <span class='ocrx_word' id='word_1_4' title='bbox 849 883 1039 970; x_wconf 85' lang='lat' dir='ltr'>animalis</span> <span class='ocrx_word' id='word_1_5' title='bbox 1080 882 1183 968; x_wconf 91' lang='lat' dir='ltr'>mibi</span> <span class='ocrx_word' id='word_1_6' title='bbox 1232 883 1378 986; x_wconf 91' lang='lat' dir='ltr'>obvio,</span> <span class='ocrx_word' id='word_1_7' title='bbox 1408 897 1452 968; x_wconf 87' lang='lat' dir='ltr'>et</span> <span class='ocrx_word' id='word_1_8' title='bbox 1492 882 1832 995; x_wconf 87' lang='lat' dir='ltr'>protuberantiae</span> <span class='ocrx_word' id='word_1_9' title='bbox 1872 881 2065 970; x_wconf 91' lang='lat' dir='ltr'>internae</span> <span class='ocrx_word' id='word_1_10' title='bbox 2105 883 2301 972; x_wconf 87' lang='lat' dir='ltr'>minores.</span> 
     </span>
     <span class='ocr_line' id='line_1_3' title="bbox 482 1023 2302 1140; baseline -0.004 -20"><span class='ocrx_word' id='word_1_11' title='bbox 482 1032 632 1136; x_wconf 84' lang='lat' dir='ltr'><strong>Unde,</strong></span> <span class='ocrx_word' id='word_1_12' title='bbox 663 1055 846 1138; x_wconf 79' lang='lat' dir='ltr'>quaeso,</span> <span class='ocrx_word' id='word_1_13' title='bbox 877 1028 982 1112; x_wconf 88' lang='lat' dir='ltr'>baec</span> <span class='ocrx_word' id='word_1_14' title='bbox 1012 1023 1277 1140; x_wconf 80' lang='lat' dir='ltr'>diflerentia,</span> <span class='ocrx_word' id='word_1_15' title='bbox 1315 1024 1481 1110; x_wconf 86' lang='lat' dir='ltr'>nisiex</span> <span class='ocrx_word' id='word_1_16' title='bbox 1511 1050 1563 1110; x_wconf 92' lang='lat' dir='ltr'>eo</span> <span class='ocrx_word' id='word_1_17' title='bbox 1592 1028 1774 1136; x_wconf 82' lang='lat' dir='ltr'>pendet,</span> <span class='ocrx_word' id='word_1_18' title='bbox 1811 1027 1922 1134; x_wconf 86' lang='lat' dir='ltr'>quod</span> <span class='ocrx_word' id='word_1_19' title='bbox 1952 1027 2137 1112; x_wconf 79' lang='lat' dir='ltr'><strong>vesicula</strong></span> <span class='ocrx_word' id='word_1_20' title='bbox 2166 1025 2302 1112; x_wconf 88' lang='lat' dir='ltr'>Graa-</span> 
     </span>
     <span class='ocr_line' id='line_1_4' title="bbox 483 1165 2303 1280; baseline -0.002 -22"><span class='ocrx_word' id='word_1_21' title='bbox 483 1173 595 1258; x_wconf 88' lang='lat' dir='ltr'>fiana</span> <span class='ocrx_word' id='word_1_22' title='bbox 623 1174 806 1258; x_wconf 85' lang='lat' dir='ltr'>humane</span> <span class='ocrx_word' id='word_1_23' title='bbox 835 1197 861 1254; x_wconf 88' lang='lat' dir='ltr'>a</span> <span class='ocrx_word' id='word_1_24' title='bbox 891 1167 1085 1254; x_wconf 79' lang='lat' dir='ltr'><strong>densiore</strong></span> <span class='ocrx_word' id='word_1_25' title='bbox 1114 1170 1198 1252; x_wconf 86' lang='lat' dir='ltr'>tela</span> <span class='ocrx_word' id='word_1_26' title='bbox 1229 1168 1428 1253; x_wconf 87' lang='lat' dir='ltr'>cellulosa</span> <span class='ocrx_word' id='word_1_27' title='bbox 1458 1165 1713 1253; x_wconf 89' lang='lat' dir='ltr'>circumdata</span> <span class='ocrx_word' id='word_1_28' title='bbox 1740 1167 1875 1254; x_wconf 88' lang='lat' dir='ltr'>minus</span> <span class='ocrx_word' id='word_1_29' title='bbox 1911 1170 2183 1255; x_wconf 86' lang='lat' dir='ltr'>contrabatur</span> <span class='ocrx_word' id='word_1_30' title='bbox 2210 1184 2303 1280; x_wconf 88' lang='lat' dir='ltr'>post</span> 
     </span>
     <span class='ocr_line' id='line_1_5' title="bbox 486 1307 2406 1418; baseline -0.002 -17"><span class='ocrx_word' id='word_1_31' title='bbox 486 1308 830 1402; x_wconf 70' lang='lat' dir='ltr'>evacuationem?</span> <span class='ocrx_word' id='word_1_32' title='bbox 874 1311 1014 1398; x_wconf 90' lang='lat' dir='ltr'>Ovum</span> <span class='ocrx_word' id='word_1_33' title='bbox 1042 1309 1086 1392; x_wconf 91' lang='lat' dir='ltr'>in</span> <span class='ocrx_word' id='word_1_34' title='bbox 1116 1311 1197 1394; x_wconf 90' lang='lat' dir='ltr'>boc</span> <span class='ocrx_word' id='word_1_35' title='bbox 1227 1335 1326 1394; x_wconf 89' lang='lat' dir='ltr'>casu</span> <span class='ocrx_word' id='word_1_36' title='bbox 1356 1307 1563 1394; x_wconf 80' lang='lat' dir='ltr'>rarissime</span> <span class='ocrx_word' id='word_1_37' title='bbox 1592 1335 1639 1394; x_wconf 89' lang='lat' dir='ltr'>se</span> <span class='ocrx_word' id='word_1_38' title='bbox 1665 1307 1864 1396; x_wconf 85' lang='lat' dir='ltr'>oll&#39;erenti</span> <span class='ocrx_word' id='word_1_39' title='bbox 1891 1335 1977 1396; x_wconf 90' lang='lat' dir='ltr'>non</span> <span class='ocrx_word' id='word_1_40' title='bbox 2005 1309 2161 1414; x_wconf 90' lang='lat' dir='ltr'>inveni,</span> <span class='ocrx_word' id='word_1_41' title='bbox 2191 1313 2303 1418; x_wconf 87' lang='lat' dir='ltr'>quod</span> <span class='ocrx_word' id='word_1_42' title='bbox 2398 1371 2406 1386; x_wconf 84' lang='lat'>.</span> 
     </span>
     <span class='ocr_line' id='line_1_6' title="bbox 486 1446 2304 1566; baseline -0.003 -24"><span class='ocrx_word' id='word_1_43' title='bbox 486 1455 655 1566; x_wconf 84' lang='lat' dir='ltr'>quidem</span> <span class='ocrx_word' id='word_1_44' title='bbox 689 1470 789 1539; x_wconf 90' lang='lat' dir='ltr'>tunc</span> <span class='ocrx_word' id='word_1_45' title='bbox 828 1452 1035 1564; x_wconf 89' lang='lat' dir='ltr'>temporis.</span> <span class='ocrx_word' id='word_1_46' title='bbox 1062 1451 1170 1563; x_wconf 88' lang='lat' dir='ltr'>proh</span> <span class='ocrx_word' id='word_1_47' title='bbox 1205 1446 1352 1537; x_wconf 85' lang='lat' dir='ltr'>dolor!</span> <span class='ocrx_word' id='word_1_48' title='bbox 1395 1477 1519 1537; x_wconf 92' lang='lat' dir='ltr'>ovum</span> <span class='ocrx_word' id='word_1_49' title='bbox 1560 1449 1776 1538; x_wconf 89' lang='lat' dir='ltr'>minimum</span> <span class='ocrx_word' id='word_1_50' title='bbox 1811 1451 2090 1538; x_wconf 87' lang='lat' dir='ltr'>mammalium</span> <span class='ocrx_word' id='word_1_51' title='bbox 2119 1455 2304 1538; x_wconf 88' lang='lat' dir='ltr'>nondum</span> 
     </span>
     <span class='ocr_line' id='line_1_7' title="bbox 487 1623 777 1710; baseline -0.01 -26"><span class='ocrx_word' id='word_1_52' title='bbox 487 1623 777 1710; x_wconf 82' lang='lat' dir='ltr'>cognoveram.</span> 
     </span>
    </p>

    <p class='ocr_par' dir='ltr' id='par_1_3' title="bbox 451 1734 2321 4517">
     <span class='ocr_line' id='line_1_8' title="bbox 644 1734 2306 1852; baseline -0.002 -29"><span class='ocrx_word' id='word_1_53' title='bbox 644 1739 714 1824; x_wconf 88' lang='lat' dir='ltr'>Ad</span> <span class='ocrx_word' id='word_1_54' title='bbox 750 1764 876 1823; x_wconf 89' lang='lat' dir='ltr'>ovum</span> <span class='ocrx_word' id='word_1_55' title='bbox 908 1738 1143 1822; x_wconf 78' lang='lat' dir='ltr'>redeamus</span> <span class='ocrx_word' id='word_1_56' title='bbox 1203 1736 1270 1820; x_wconf 87' lang='lat' dir='ltr'>Ex</span> <span class='ocrx_word' id='word_1_57' title='bbox 1300 1735 1442 1821; x_wconf 82' lang='lat' dir='ltr'>orario</span> <span class='ocrx_word' id='word_1_58' title='bbox 1472 1734 1648 1852; x_wconf 88' lang='lat' dir='ltr'>ejectum</span> <span class='ocrx_word' id='word_1_59' title='bbox 1678 1763 1704 1821; x_wconf 88' lang='lat' dir='ltr'>a</span> <span class='ocrx_word' id='word_1_60' title='bbox 1733 1740 1860 1822; x_wconf 88' lang='lat' dir='ltr'>tubae</span> <span class='ocrx_word' id='word_1_61' title='bbox 1889 1751 2086 1848; x_wconf 79' lang='lat' dir='ltr'>apemua</span> <span class='ocrx_word' id='word_1_62' title='bbox 2116 1736 2306 1822; x_wconf 88' lang='lat' dir='ltr'>abdomi-</span> 
     </span>
     <span class='ocr_line' id='line_1_9' title="bbox 488 1877 2307 1991; baseline -0.002 -24"><span class='ocrx_word' id='word_1_63' title='bbox 488 1882 576 1967; x_wconf 91' lang='lat' dir='ltr'>nali</span> <span class='ocrx_word' id='word_1_64' title='bbox 611 1879 822 1991; x_wconf 81' lang='lat' dir='ltr'>recipitur.</span> <span class='ocrx_word' id='word_1_65' title='bbox 891 1877 1018 1989; x_wconf 81' lang='lat' dir='ltr'>Quod</span> <span class='ocrx_word' id='word_1_66' title='bbox 1052 1893 1098 1962; x_wconf 92' lang='lat' dir='ltr'>ut</span> <span class='ocrx_word' id='word_1_67' title='bbox 1127 1877 1279 1965; x_wconf 88' lang='lat' dir='ltr'>certius</span> <span class='ocrx_word' id='word_1_68' title='bbox 1310 1891 1352 1962; x_wconf 90' lang='lat' dir='ltr'>et</span> <span class='ocrx_word' id='word_1_69' title='bbox 1380 1877 1529 1963; x_wconf 89' lang='lat' dir='ltr'>melius</span> <span class='ocrx_word' id='word_1_70' title='bbox 1557 1879 1644 1989; x_wconf 87' lang='lat' dir='ltr'>fiat,</span> <span class='ocrx_word' id='word_1_71' title='bbox 1674 1880 1780 1964; x_wconf 87' lang='lat' dir='ltr'>baec</span> <span class='ocrx_word' id='word_1_72' title='bbox 1808 1893 2006 1990; x_wconf 80' lang='lat' dir='ltr'>apertura</span> <span class='ocrx_word' id='word_1_73' title='bbox 2033 1905 2121 1964; x_wconf 94' lang='lat' dir='ltr'>non</span> <span class='ocrx_word' id='word_1_74' title='bbox 2148 1893 2307 1964; x_wconf 76' lang='lat' dir='ltr'>unum</span> 
     </span>
     <span class='ocr_line' id='line_1_10' title="bbox 489 2015 2308 2118; baseline -0.005 -9"><span class='ocrx_word' id='word_1_75' title='bbox 489 2027 568 2110; x_wconf 91' lang='lat' dir='ltr'>sub</span> <span class='ocrx_word' id='word_1_76' title='bbox 597 2020 850 2108; x_wconf 86' lang='lat' dir='ltr'>infundibuli</span> <span class='ocrx_word' id='word_1_77' title='bbox 884 2020 1018 2105; x_wconf 82' lang='lat' dir='ltr'>forma</span> <span class='ocrx_word' id='word_1_78' title='bbox 1047 2021 1312 2118; x_wconf 81' lang='lat' dir='ltr'>extenditur,</span> <span class='ocrx_word' id='word_1_79' title='bbox 1343 2020 1418 2104; x_wconf 92' lang='lat' dir='ltr'>sed</span> <span class='ocrx_word' id='word_1_80' title='bbox 1448 2036 1491 2105; x_wconf 92' lang='lat' dir='ltr'>et</span> <span class='ocrx_word' id='word_1_81' title='bbox 1521 2020 1603 2106; x_wconf 88' lang='lat' dir='ltr'>alia</span> <span class='ocrx_word' id='word_1_82' title='bbox 1633 2023 1785 2106; x_wconf 87' lang='lat' dir='ltr'>adsunt</span> <span class='ocrx_word' id='word_1_83' title='bbox 1813 2019 2075 2105; x_wconf 86' lang='lat' dir='ltr'>adminicula.</span> <span class='ocrx_word' id='word_1_84' title='bbox 2136 2019 2187 2108; x_wconf 90' lang='lat' dir='ltr'>ln</span> <span class='ocrx_word' id='word_1_85' title='bbox 2216 2015 2308 2100; x_wconf 89' lang='lat' dir='ltr'>ani-</span> 
     </span>
     <span class='ocr_line' id='line_1_11' title="bbox 489 2161 2308 2272; baseline -0.004 -22"><span class='ocrx_word' id='word_1_86' title='bbox 489 2166 668 2250; x_wconf 87' lang='lat' dir='ltr'>malibus</span> <span class='ocrx_word' id='word_1_87' title='bbox 696 2162 930 2265; x_wconf 90' lang='lat' dir='ltr'>nonnullis,</span> <span class='ocrx_word' id='word_1_88' title='bbox 959 2161 1005 2246; x_wconf 91' lang='lat' dir='ltr'>in</span> <span class='ocrx_word' id='word_1_89' title='bbox 1034 2161 1184 2268; x_wconf 87' lang='lat' dir='ltr'>quibus</span> <span class='ocrx_word' id='word_1_90' title='bbox 1213 2164 1280 2245; x_wconf 89' lang='lat' dir='ltr'>ala</span> <span class='ocrx_word' id='word_1_91' title='bbox 1310 2161 1617 2272; x_wconf 85' lang='lat' dir='ltr'>vespertilionis</span> <span class='ocrx_word' id='word_1_92' title='bbox 1647 2162 1974 2248; x_wconf 88' lang='lat' dir='ltr'>anatomicorum</span> <span class='ocrx_word' id='word_1_93' title='bbox 2003 2163 2077 2246; x_wconf 90' lang='lat' dir='ltr'>vix</span> <span class='ocrx_word' id='word_1_94' title='bbox 2107 2174 2308 2246; x_wconf 87' lang='lat' dir='ltr'>excavata</span> 
     </span>
     <span class='ocr_line' id='line_1_12' title="bbox 451 2301 2310 2418; baseline -0.006 -23"><span class='ocrx_word' id='word_1_95' title='bbox 451 2355 455 2362; x_wconf 94' lang='lat'><em>·</em></span> <span class='ocrx_word' id='word_1_96' title='bbox 491 2310 568 2396; x_wconf 89' lang='lat' dir='ltr'>sed</span> <span class='ocrx_word' id='word_1_97' title='bbox 607 2306 745 2418; x_wconf 90' lang='lat' dir='ltr'>potius</span> <span class='ocrx_word' id='word_1_98' title='bbox 785 2308 910 2415; x_wconf 86' lang='lat' dir='ltr'>plana</span> <span class='ocrx_word' id='word_1_99' title='bbox 941 2319 1028 2407; x_wconf 90' lang='lat' dir='ltr'>est,</span> <span class='ocrx_word' id='word_1_100' title='bbox 1072 2301 1324 2388; x_wconf 84' lang='lat' dir='ltr'>infundibuli</span> <span class='ocrx_word' id='word_1_101' title='bbox 1357 2304 1509 2389; x_wconf 90' lang='lat' dir='ltr'>ostium</span> <span class='ocrx_word' id='word_1_102' title='bbox 1538 2304 1780 2416; x_wconf 89' lang='lat' dir='ltr'>peristomio</span> <span class='ocrx_word' id='word_1_103' title='bbox 1810 2303 2004 2392; x_wconf 83' lang='lat' dir='ltr'>laciniato</span> <span class='ocrx_word' id='word_1_104' title='bbox 2034 2302 2213 2414; x_wconf 87' lang='lat' dir='ltr'>cingitur</span> <span class='ocrx_word' id='word_1_105' title='bbox 2243 2304 2310 2385; x_wconf 88' lang='lat' dir='ltr'>vel</span> 
     </span>
     <span class='ocr_line' id='line_1_13' title="bbox 492 2445 2310 2558; baseline -0.003 -24"><span class='ocrx_word' id='word_1_106' title='bbox 492 2449 554 2534; x_wconf 90' lang='lat' dir='ltr'>sio</span> <span class='ocrx_word' id='word_1_107' title='bbox 583 2448 705 2534; x_wconf 87' lang='lat' dir='ltr'>dictis</span> <span class='ocrx_word' id='word_1_108' title='bbox 734 2446 934 2548; x_wconf 87' lang='lat' dir='ltr'>fimbriis;</span> <span class='ocrx_word' id='word_1_109' title='bbox 965 2446 1023 2530; x_wconf 85' lang='lat' dir='ltr'>ita</span> <span class='ocrx_word' id='word_1_110' title='bbox 1051 2445 1097 2530; x_wconf 93' lang='lat' dir='ltr'>in</span> <span class='ocrx_word' id='word_1_111' title='bbox 1125 2446 1316 2549; x_wconf 89' lang='lat' dir='ltr'>homine,</span> <span class='ocrx_word' id='word_1_112' title='bbox 1347 2445 1481 2530; x_wconf 89' lang='lat' dir='ltr'>simia.</span> <span class='ocrx_word' id='word_1_113' title='bbox 1541 2447 1592 2528; x_wconf 89' lang='lat' dir='ltr'>ln</span> <span class='ocrx_word' id='word_1_114' title='bbox 1622 2447 1716 2532; x_wconf 87' lang='lat' dir='ltr'>aliis</span> <span class='ocrx_word' id='word_1_115' title='bbox 1745 2449 1813 2530; x_wconf 86' lang='lat' dir='ltr'>ala</span> <span class='ocrx_word' id='word_1_116' title='bbox 1843 2445 2150 2558; x_wconf 82' lang='lat' dir='ltr'>vespertilionis</span> <span class='ocrx_word' id='word_1_117' title='bbox 2191 2459 2310 2530; x_wconf 89' lang='lat' dir='ltr'>ante-</span> 
     </span>
     <span class='ocr_line' id='line_1_14' title="bbox 493 2569 2311 2696; baseline -0.003 -20"><span class='ocrx_word' id='word_1_118' title='bbox 493 2591 606 2678; x_wconf 89' lang='lat' dir='ltr'>riora</span> <span class='ocrx_word' id='word_1_119' title='bbox 647 2615 793 2675; x_wconf 86' lang='lat' dir='ltr'>versus</span> <span class='ocrx_word' id='word_1_120' title='bbox 832 2589 877 2671; x_wconf 92' lang='lat' dir='ltr'>in</span> <span class='ocrx_word' id='word_1_121' title='bbox 918 2591 1075 2672; x_wconf 90' lang='lat' dir='ltr'>bullam</span> <span class='ocrx_word' id='word_1_122' title='bbox 1116 2603 1292 2674; x_wconf 87' lang='lat' dir='ltr'>extensa</span> <span class='ocrx_word' id='word_1_123' title='bbox 1321 2602 1410 2691; x_wconf 89' lang='lat' dir='ltr'>est,</span> <span class='ocrx_word' id='word_1_124' title='bbox 1452 2615 1535 2696; x_wconf 87' lang='lat' dir='ltr'>quo</span> <span class='ocrx_word' id='word_1_125' title='bbox 1565 2587 1641 2687; x_wconf 87' lang='lat' dir='ltr'>lit,</span> <span class='ocrx_word' id='word_1_126' title='bbox 1670 2603 1717 2672; x_wconf 92' lang='lat' dir='ltr'>ut</span> <span class='ocrx_word' id='word_1_127' title='bbox 1740 2587 1897 2674; x_wconf 82' lang='lat' dir='ltr'>¹ostium</span> <span class='ocrx_word' id='word_1_128' title='bbox 1927 2593 2054 2674; x_wconf 82' lang='lat' dir='ltr'>orbae</span> <span class='ocrx_word' id='word_1_129' title='bbox 2084 2586 2227 2674; x_wconf 87' lang='lat' dir='ltr'>orario</span> <span class='ocrx_word' id='word_1_130' title='bbox 2257 2569 2311 2672; x_wconf 85' lang='lat' dir='ltr'>sit</span> 
     </span>
     <span class='ocr_line' id='line_1_15' title="bbox 494 2728 2313 2845; baseline -0.003 -29"><span class='ocrx_word' id='word_1_131' title='bbox 494 2730 679 2843; x_wconf 92' lang='lat' dir='ltr'>propius.</span> <span class='ocrx_word' id='word_1_132' title='bbox 738 2731 790 2814; x_wconf 92' lang='lat' dir='ltr'>ln</span> <span class='ocrx_word' id='word_1_133' title='bbox 817 2729 882 2814; x_wconf 87' lang='lat' dir='ltr'>his</span> <span class='ocrx_word' id='word_1_134' title='bbox 912 2729 1063 2816; x_wconf 90' lang='lat' dir='ltr'>ostium</span> <span class='ocrx_word' id='word_1_135' title='bbox 1087 2729 1175 2845; x_wconf 87' lang='lat' dir='ltr'>jam</span> <span class='ocrx_word' id='word_1_136' title='bbox 1204 2729 1335 2840; x_wconf 85' lang='lat' dir='ltr'>magis</span> <span class='ocrx_word' id='word_1_137' title='bbox 1363 2745 1555 2840; x_wconf 82' lang='lat' dir='ltr'>apernrm</span> <span class='ocrx_word' id='word_1_138' title='bbox 1583 2729 1758 2816; x_wconf 82' lang='lat' dir='ltr'>fimbriis</span> <span class='ocrx_word' id='word_1_139' title='bbox 1786 2746 1903 2816; x_wconf 89' lang='lat' dir='ltr'>caret</span> <span class='ocrx_word' id='word_1_140' title='bbox 1925 2728 2050 2816; x_wconf 84' lang='lat' dir='ltr'>veris.</span> <span class='ocrx_word' id='word_1_141' title='bbox 2109 2729 2313 2838; x_wconf 86' lang='lat' dir='ltr'>Exempla</span> 
     </span>
     <span class='ocr_line' id='line_1_16' title="bbox 493 2870 2314 2982; baseline -0.002 -25"><span class='ocrx_word' id='word_1_142' title='bbox 493 2873 695 2958; x_wconf 88' lang='lat' dir='ltr'>babemus</span> <span class='ocrx_word' id='word_1_143' title='bbox 723 2873 769 2958; x_wconf 91' lang='lat' dir='ltr'>in</span> <span class='ocrx_word' id='word_1_144' title='bbox 798 2871 1113 2958; x_wconf 85' lang='lat' dir='ltr'>ruminantibus.</span> <span class='ocrx_word' id='word_1_145' title='bbox 1174 2870 1284 2958; x_wconf 84' lang='lat' dir='ltr'>Sunt</span> <span class='ocrx_word' id='word_1_146' title='bbox 1311 2898 1437 2982; x_wconf 84' lang='lat' dir='ltr'>pomo</span> <span class='ocrx_word' id='word_1_147' title='bbox 1466 2871 1550 2958; x_wconf 85' lang='lat' dir='ltr'>alia</span> <span class='ocrx_word' id='word_1_148' title='bbox 1579 2870 1800 2976; x_wconf 86' lang='lat' dir='ltr'>animalia,</span> <span class='ocrx_word' id='word_1_149' title='bbox 1838 2871 1883 2958; x_wconf 94' lang='lat' dir='ltr'>in</span> <span class='ocrx_word' id='word_1_150' title='bbox 1918 2872 2068 2980; x_wconf 89' lang='lat' dir='ltr'>quibus</span> <span class='ocrx_word' id='word_1_151' title='bbox 2104 2872 2217 2956; x_wconf 89' lang='lat' dir='ltr'>bulla</span> <span class='ocrx_word' id='word_1_152' title='bbox 2247 2870 2314 2953; x_wconf 92' lang='lat' dir='ltr'>di-</span> 
     </span>
     <span class='ocr_line' id='line_1_17' title="bbox 496 3013 2312 3126; baseline -0.002 -26"><span class='ocrx_word' id='word_1_153' title='bbox 496 3029 564 3100; x_wconf 91' lang='lat' dir='ltr'>cta</span> <span class='ocrx_word' id='word_1_154' title='bbox 600 3014 655 3100; x_wconf 88' lang='lat' dir='ltr'>sit</span> <span class='ocrx_word' id='word_1_155' title='bbox 688 3013 936 3126; x_wconf 83' lang='lat' dir='ltr'>prcfirndior</span> <span class='ocrx_word' id='word_1_156' title='bbox 972 3029 1016 3099; x_wconf 91' lang='lat' dir='ltr'>et</span> <span class='ocrx_word' id='word_1_157' title='bbox 1050 3013 1284 3126; x_wconf 85' lang='lat' dir='ltr'>posteriora</span> <span class='ocrx_word' id='word_1_158' title='bbox 1318 3039 1466 3102; x_wconf 87' lang='lat' dir='ltr'>versus</span> <span class='ocrx_word' id='word_1_159' title='bbox 1495 3017 1551 3100; x_wconf 89' lang='lat' dir='ltr'>ad</span> <span class='ocrx_word' id='word_1_160' title='bbox 1580 3029 1819 3126; x_wconf 86' lang='lat' dir='ltr'>aperturam</span> <span class='ocrx_word' id='word_1_161' title='bbox 1847 3015 2056 3122; x_wconf 87' lang='lat' dir='ltr'>quandam</span> <span class='ocrx_word' id='word_1_162' title='bbox 2085 3027 2312 3100; x_wconf 85' lang='lat' dir='ltr'>contracta.</span> 
     </span>
     <span class='ocr_line' id='line_1_18' title="bbox 496 3154 2316 3268; baseline -0.001 -28"><span class='ocrx_word' id='word_1_163' title='bbox 496 3155 568 3240; x_wconf 85' lang='lat' dir='ltr'>Ad</span> <span class='ocrx_word' id='word_1_164' title='bbox 597 3157 704 3242; x_wconf 90' lang='lat' dir='ltr'>baec</span> <span class='ocrx_word' id='word_1_165' title='bbox 732 3155 943 3268; x_wconf 88' lang='lat' dir='ltr'>pertinent</span> <span class='ocrx_word' id='word_1_166' title='bbox 972 3181 1043 3240; x_wconf 89' lang='lat' dir='ltr'>sus</span> <span class='ocrx_word' id='word_1_167' title='bbox 1073 3170 1116 3240; x_wconf 92' lang='lat' dir='ltr'>et</span> <span class='ocrx_word' id='word_1_168' title='bbox 1138 3155 1375 3267; x_wconf 88' lang='lat' dir='ltr'>delphinus.</span> <span class='ocrx_word' id='word_1_169' title='bbox 1436 3157 1589 3241; x_wconf 83' lang='lat' dir='ltr'>Tubac</span> <span class='ocrx_word' id='word_1_170' title='bbox 1612 3154 1919 3244; x_wconf 83' lang='lat' dir='ltr'>infirndibulum</span> <span class='ocrx_word' id='word_1_171' title='bbox 1943 3158 1999 3241; x_wconf 89' lang='lat' dir='ltr'>ad</span> <span class='ocrx_word' id='word_1_172' title='bbox 2025 3157 2168 3240; x_wconf 84' lang='lat' dir='ltr'>brdlae</span> <span class='ocrx_word' id='word_1_173' title='bbox 2190 3178 2316 3264; x_wconf 87' lang='lat' dir='ltr'>aper-</span> 
     </span>
     <span class='ocr_line' id='line_1_19' title="bbox 496 3295 2315 3413; baseline 0 -33"><span class='ocrx_word' id='word_1_174' title='bbox 496 3311 633 3381; x_wconf 87' lang='lat' dir='ltr'>turam</span> <span class='ocrx_word' id='word_1_175' title='bbox 662 3297 849 3409; x_wconf 88' lang='lat' dir='ltr'>aperitur</span> <span class='ocrx_word' id='word_1_176' title='bbox 877 3295 1022 3400; x_wconf 88' lang='lat' dir='ltr'>nullis,</span> <span class='ocrx_word' id='word_1_177' title='bbox 1053 3323 1121 3381; x_wconf 90' lang='lat' dir='ltr'>me</span> <span class='ocrx_word' id='word_1_178' title='bbox 1144 3295 1306 3413; x_wconf 89' lang='lat' dir='ltr'>judice,</span> <span class='ocrx_word' id='word_1_179' title='bbox 1335 3296 1527 3402; x_wconf 88' lang='lat' dir='ltr'>fimbriis,</span> <span class='ocrx_word' id='word_1_180' title='bbox 1558 3299 1635 3384; x_wconf 87' lang='lat' dir='ltr'>sed</span> <span class='ocrx_word' id='word_1_181' title='bbox 1662 3297 1777 3409; x_wconf 85' lang='lat' dir='ltr'>nrgis</span> <span class='ocrx_word' id='word_1_182' title='bbox 1806 3296 1987 3385; x_wconf 89' lang='lat' dir='ltr'>obsitum</span> <span class='ocrx_word' id='word_1_183' title='bbox 2016 3313 2059 3382; x_wconf 90' lang='lat' dir='ltr'>et</span> <span class='ocrx_word' id='word_1_184' title='bbox 2089 3295 2195 3382; x_wconf 90' lang='lat' dir='ltr'>ostio</span> <span class='ocrx_word' id='word_1_185' title='bbox 2223 3322 2315 3380; x_wconf 86' lang='lat' dir='ltr'>ma·</span> 
     </span>
     <span class='ocr_line' id='line_1_20' title="bbox 497 3436 2317 3550; baseline -0.002 -26"><span class='ocrx_word' id='word_1_186' title='bbox 497 3463 579 3548; x_wconf 91' lang='lat' dir='ltr'>gno</span> <span class='ocrx_word' id='word_1_187' title='bbox 607 3436 653 3524; x_wconf 89' lang='lat' dir='ltr'>in</span> <span class='ocrx_word' id='word_1_188' title='bbox 682 3440 840 3524; x_wconf 91' lang='lat' dir='ltr'>bullam</span> <span class='ocrx_word' id='word_1_189' title='bbox 868 3438 1031 3525; x_wconf 86' lang='lat' dir='ltr'>transit.</span> <span class='ocrx_word' id='word_1_190' title='bbox 1092 3439 1307 3550; x_wconf 86' lang='lat' dir='ltr'>Tempore</span> <span class='ocrx_word' id='word_1_191' title='bbox 1326 3515 1332 3522; x_wconf 91' lang='lat'>.</span> <span class='ocrx_word' id='word_1_192' title='bbox 1348 3440 1479 3526; x_wconf 86' lang='lat' dir='ltr'>oestri</span> <span class='ocrx_word' id='word_1_193' title='bbox 1519 3439 1690 3526; x_wconf 88' lang='lat' dir='ltr'>venerei</span> <span class='ocrx_word' id='word_1_194' title='bbox 1730 3439 1846 3523; x_wconf 83' lang='lat' dir='ltr'>bullo</span> <span class='ocrx_word' id='word_1_195' title='bbox 1882 3437 2093 3550; x_wconf 87' lang='lat' dir='ltr'>descripta</span> <span class='ocrx_word' id='word_1_196' title='bbox 2126 3437 2317 3523; x_wconf 82' lang='lat' dir='ltr'>orarium</span> 
     </span>
     <span class='ocr_line' id='line_1_21' title="bbox 498 3577 2317 3693; baseline 0.001 -31"><span class='ocrx_word' id='word_1_197' title='bbox 498 3593 544 3662; x_wconf 92' lang='lat' dir='ltr'>ut</span> <span class='ocrx_word' id='word_1_198' title='bbox 571 3577 695 3666; x_wconf 86' lang='lat' dir='ltr'>mitra</span> <span class='ocrx_word' id='word_1_199' title='bbox 724 3581 906 3685; x_wconf 89' lang='lat' dir='ltr'>obducit,</span> <span class='ocrx_word' id='word_1_200' title='bbox 937 3581 1049 3689; x_wconf 87' lang='lat' dir='ltr'>quod</span> <span class='ocrx_word' id='word_1_201' title='bbox 1078 3580 1123 3666; x_wconf 92' lang='lat' dir='ltr'>in</span> <span class='ocrx_word' id='word_1_202' title='bbox 1152 3580 1294 3667; x_wconf 81' lang='lat' dir='ltr'>scrofis</span> <span class='ocrx_word' id='word_1_203' title='bbox 1323 3580 1503 3692; x_wconf 89' lang='lat' dir='ltr'>saepius,</span> <span class='ocrx_word' id='word_1_204' title='bbox 1532 3581 1578 3666; x_wconf 92' lang='lat' dir='ltr'>in</span> <span class='ocrx_word' id='word_1_205' title='bbox 1606 3583 1824 3693; x_wconf 87' lang='lat' dir='ltr'>phocaena</span> <span class='ocrx_word' id='word_1_206' title='bbox 1853 3583 1984 3666; x_wconf 87' lang='lat' dir='ltr'>semel</span> <span class='ocrx_word' id='word_1_207' title='bbox 2013 3578 2114 3664; x_wconf 89' lang='lat' dir='ltr'>vidi.</span> <span class='ocrx_word' id='word_1_208' title='bbox 2175 3579 2317 3690; x_wconf 85' lang='lat' dir='ltr'>Aper·</span> 
     </span>
     <span class='ocr_line' id='line_1_22' title="bbox 497 3721 2318 3836; baseline -0.001 -29"><span class='ocrx_word' id='word_1_209' title='bbox 497 3735 593 3807; x_wconf 89' lang='lat' dir='ltr'>tura</span> <span class='ocrx_word' id='word_1_210' title='bbox 621 3738 708 3809; x_wconf 89' lang='lat' dir='ltr'>tam</span> <span class='ocrx_word' id='word_1_211' title='bbox 736 3726 873 3836; x_wconf 88' lang='lat' dir='ltr'>ampla</span> <span class='ocrx_word' id='word_1_212' title='bbox 904 3738 989 3826; x_wconf 89' lang='lat' dir='ltr'>est,</span> <span class='ocrx_word' id='word_1_213' title='bbox 1031 3738 1078 3808; x_wconf 93' lang='lat' dir='ltr'>nt</span> <span class='ocrx_word' id='word_1_214' title='bbox 1112 3723 1228 3807; x_wconf 88' lang='lat' dir='ltr'>bulla</span> <span class='ocrx_word' id='word_1_215' title='bbox 1265 3726 1319 3808; x_wconf 87' lang='lat' dir='ltr'>ab</span> <span class='ocrx_word' id='word_1_216' title='bbox 1349 3721 1492 3810; x_wconf 87' lang='lat' dir='ltr'>ovario</span> <span class='ocrx_word' id='word_1_217' title='bbox 1521 3722 1614 3810; x_wconf 86' lang='lat' dir='ltr'>sine</span> <span class='ocrx_word' id='word_1_218' title='bbox 1642 3722 1829 3810; x_wconf 86' lang='lat' dir='ltr'>laesione</span> <span class='ocrx_word' id='word_1_219' title='bbox 1859 3721 2040 3816; x_wconf 75' lang='lat' dir='ltr'>distrahi</span> <span class='ocrx_word' id='word_1_220' title='bbox 2065 3721 2207 3832; x_wconf 81' lang='lat' dir='ltr'>possit.</span> <span class='ocrx_word' id='word_1_221' title='bbox 2267 3722 2318 3806; x_wconf 93' lang='lat' dir='ltr'>ln</span> 
     </span>
     <span class='ocr_line' id='line_1_23' title="bbox 499 3861 2319 3981; baseline 0.001 -33"><span class='ocrx_word' id='word_1_222' title='bbox 499 3861 759 3950; x_wconf 89' lang='lat' dir='ltr'>insectivoris</span> <span class='ocrx_word' id='word_1_223' title='bbox 795 3869 909 3950; x_wconf 90' lang='lat' dir='ltr'>bulla</span> <span class='ocrx_word' id='word_1_224' title='bbox 945 3865 1034 3981; x_wconf 89' lang='lat' dir='ltr'>jam</span> <span class='ocrx_word' id='word_1_225' title='bbox 1074 3863 1119 3948; x_wconf 94' lang='lat' dir='ltr'>in</span> <span class='ocrx_word' id='word_1_226' title='bbox 1160 3891 1327 3950; x_wconf 87' lang='lat' dir='ltr'>saccum</span> <span class='ocrx_word' id='word_1_227' title='bbox 1363 3881 1570 3968; x_wconf 80' lang='lat' dir='ltr'>mutabo,</span> <span class='ocrx_word' id='word_1_228' title='bbox 1613 3865 1802 3953; x_wconf 84' lang='lat' dir='ltr'>crarium</span> <span class='ocrx_word' id='word_1_229' title='bbox 1841 3863 1903 3948; x_wconf 89' lang='lat' dir='ltr'>uti</span> <span class='ocrx_word' id='word_1_230' title='bbox 1939 3863 2079 3946; x_wconf 86' lang='lat' dir='ltr'>tunica</span> <span class='ocrx_word' id='word_1_231' title='bbox 2115 3863 2319 3974; x_wconf 86' lang='lat' dir='ltr'>vaginalis</span> 
     </span>
     <span class='ocr_line' id='line_1_24' title="bbox 499 4003 2318 4116; baseline 0.001 -25"><span class='ocrx_word' id='word_1_232' title='bbox 499 4029 664 4116; x_wconf 90' lang='lat' dir='ltr'>semper</span> <span class='ocrx_word' id='word_1_233' title='bbox 692 4004 935 4110; x_wconf 90' lang='lat' dir='ltr'>includens,</span> <span class='ocrx_word' id='word_1_234' title='bbox 978 4020 1176 4116; x_wconf 84' lang='lat' dir='ltr'>apertura</span> <span class='ocrx_word' id='word_1_235' title='bbox 1212 4021 1421 4090; x_wconf 87' lang='lat' dir='ltr'>coarctata</span> <span class='ocrx_word' id='word_1_236' title='bbox 1449 4005 1617 4115; x_wconf 84' lang='lat' dir='ltr'>quidem</span> <span class='ocrx_word' id='word_1_237' title='bbox 1646 4007 1721 4091; x_wconf 89' lang='lat' dir='ltr'>sed</span> <span class='ocrx_word' id='word_1_238' title='bbox 1751 4003 1853 4092; x_wconf 84' lang='lat' dir='ltr'>satis</span> <span class='ocrx_word' id='word_1_239' title='bbox 1883 4003 2120 4116; x_wconf 87' lang='lat' dir='ltr'>conspicua.</span> <span class='ocrx_word' id='word_1_240' title='bbox 2180 4006 2233 4089; x_wconf 92' lang='lat' dir='ltr'>ln</span> <span class='ocrx_word' id='word_1_241' title='bbox 2254 4005 2318 4092; x_wconf 86' lang='lat' dir='ltr'>fe-</span> 
     </span>
     <span class='ocr_line' id='line_1_25' title="bbox 498 4144 2321 4263; baseline 0.003 -34"><span class='ocrx_word' id='word_1_242' title='bbox 498 4144 556 4230; x_wconf 89' lang='lat' dir='ltr'>ris</span> <span class='ocrx_word' id='word_1_243' title='bbox 579 4146 668 4263; x_wconf 90' lang='lat' dir='ltr'>jam</span> <span class='ocrx_word' id='word_1_244' title='bbox 697 4145 755 4231; x_wconf 90' lang='lat' dir='ltr'>ita</span> <span class='ocrx_word' id='word_1_245' title='bbox 785 4146 1056 4252; x_wconf 78' lang='lat' dir='ltr'>connahitur,</span> <span class='ocrx_word' id='word_1_246' title='bbox 1085 4162 1134 4231; x_wconf 89' lang='lat' dir='ltr'>ut</span> <span class='ocrx_word' id='word_1_247' title='bbox 1162 4146 1300 4232; x_wconf 90' lang='lat' dir='ltr'>aditus</span> <span class='ocrx_word' id='word_1_248' title='bbox 1328 4147 1464 4257; x_wconf 88' lang='lat' dir='ltr'>primo</span> <span class='ocrx_word' id='word_1_249' title='bbox 1493 4146 1644 4234; x_wconf 88' lang='lat' dir='ltr'>intuitu</span> <span class='ocrx_word' id='word_1_250' title='bbox 1668 4146 1943 4259; x_wconf 89' lang='lat' dir='ltr'>praetermitti</span> <span class='ocrx_word' id='word_1_251' title='bbox 1966 4145 2117 4258; x_wconf 79' lang='lat' dir='ltr'>possit3</span> <span class='ocrx_word' id='word_1_252' title='bbox 2146 4146 2192 4232; x_wconf 91' lang='lat' dir='ltr'>in</span> <span class='ocrx_word' id='word_1_253' title='bbox 2215 4173 2321 4234; x_wconf 87' lang='lat' dir='ltr'>cane</span> 
     </span>
     <span class='ocr_line' id='line_1_26' title="bbox 499 4285 2319 4402; baseline 0.002 -30"><span class='ocrx_word' id='word_1_254' title='bbox 499 4285 605 4372; x_wconf 68' lang='lat' dir='ltr'>uma</span> <span class='ocrx_word' id='word_1_255' title='bbox 641 4305 836 4399; x_wconf 68' lang='lat' dir='ltr'>angusta,</span> <span class='ocrx_word' id='word_1_256' title='bbox 879 4290 924 4376; x_wconf 94' lang='lat' dir='ltr'>in</span> <span class='ocrx_word' id='word_1_257' title='bbox 959 4290 1097 4402; x_wconf 88' lang='lat' dir='ltr'>phoca</span> <span class='ocrx_word' id='word_1_258' title='bbox 1133 4287 1325 4375; x_wconf 82' lang='lat' dir='ltr'>foramen</span> <span class='ocrx_word' id='word_1_259' title='bbox 1359 4315 1536 4401; x_wconf 89' lang='lat' dir='ltr'>parvum</span> <span class='ocrx_word' id='word_1_260' title='bbox 1572 4291 1705 4376; x_wconf 87' lang='lat' dir='ltr'>adest.</span> <span class='ocrx_word' id='word_1_261' title='bbox 1765 4291 1814 4374; x_wconf 92' lang='lat' dir='ltr'>ln</span> <span class='ocrx_word' id='word_1_262' title='bbox 1855 4292 2055 4375; x_wconf 90' lang='lat' dir='ltr'>mustelas</span> <span class='ocrx_word' id='word_1_263' title='bbox 2083 4286 2319 4396; x_wconf 84' lang='lat' dir='ltr'>inquirendi</span> 
     </span>
     <span class='ocr_line' id='line_1_27' title="bbox 499 4429 964 4517; baseline 0.004 -5"><span class='ocrx_word' id='word_1_264' title='bbox 499 4455 610 4514; x_wconf 92' lang='lat' dir='ltr'>nunc</span> <span class='ocrx_word' id='word_1_265' title='bbox 640 4429 757 4514; x_wconf 89' lang='lat' dir='ltr'>deest</span> <span class='ocrx_word' id='word_1_266' title='bbox 786 4432 964 4517; x_wconf 89' lang='lat' dir='ltr'>occasio.</span> 
     </span>
    </p>

    <p class='ocr_par' dir='ltr' id='par_1_4' title="bbox 499 4569 2323 5540">
     <span class='ocr_line' id='line_1_28' title="bbox 654 4569 2320 4687; baseline -0.002 -29"><span class='ocrx_word' id='word_1_267' title='bbox 654 4569 759 4658; x_wconf 83' lang='lat' dir='ltr'>Cum</span> <span class='ocrx_word' id='word_1_268' title='bbox 800 4575 925 4658; x_wconf 89' lang='lat' dir='ltr'>ovulo</span> <span class='ocrx_word' id='word_1_269' title='bbox 961 4597 1128 4684; x_wconf 91' lang='lat' dir='ltr'>semper</span> <span class='ocrx_word' id='word_1_270' title='bbox 1164 4576 1432 4663; x_wconf 88' lang='lat' dir='ltr'>membranae</span> <span class='ocrx_word' id='word_1_271' title='bbox 1469 4577 1717 4687; x_wconf 86' lang='lat' dir='ltr'>granulosae</span> <span class='ocrx_word' id='word_1_272' title='bbox 1746 4573 1926 4660; x_wconf 83' lang='lat' dir='ltr'>irusorla</span> <span class='ocrx_word' id='word_1_273' title='bbox 1955 4572 2002 4659; x_wconf 87' lang='lat' dir='ltr'>in</span> <span class='ocrx_word' id='word_1_274' title='bbox 2029 4577 2154 4659; x_wconf 87' lang='lat' dir='ltr'>tubas</span> <span class='ocrx_word' id='word_1_275' title='bbox 2183 4588 2320 4656; x_wconf 81' lang='lat' dir='ltr'>nans·</span> 
     </span>
     <span class='ocr_line' id='line_1_29' title="bbox 499 4711 2321 4827; baseline -0.001 -29"><span class='ocrx_word' id='word_1_276' title='bbox 499 4727 619 4798; x_wconf 85' lang='lat' dir='ltr'>eunt:</span> <span class='ocrx_word' id='word_1_277' title='bbox 661 4740 760 4799; x_wconf 89' lang='lat' dir='ltr'>nam</span> <span class='ocrx_word' id='word_1_278' title='bbox 795 4713 840 4798; x_wconf 91' lang='lat' dir='ltr'>in</span> <span class='ocrx_word' id='word_1_279' title='bbox 875 4730 995 4800; x_wconf 91' lang='lat' dir='ltr'>utero</span> <span class='ocrx_word' id='word_1_280' title='bbox 1032 4715 1146 4798; x_wconf 89' lang='lat' dir='ltr'>baud</span> <span class='ocrx_word' id='word_1_281' title='bbox 1182 4713 1319 4802; x_wconf 88' lang='lat' dir='ltr'>minus</span> <span class='ocrx_word' id='word_1_282' title='bbox 1356 4741 1482 4824; x_wconf 87' lang='lat' dir='ltr'>quam</span> <span class='ocrx_word' id='word_1_283' title='bbox 1517 4715 1562 4803; x_wconf 92' lang='lat' dir='ltr'>in</span> <span class='ocrx_word' id='word_1_284' title='bbox 1600 4716 1709 4804; x_wconf 88' lang='lat' dir='ltr'>tubis</span> <span class='ocrx_word' id='word_1_285' title='bbox 1738 4744 1835 4803; x_wconf 92' lang='lat' dir='ltr'>cum</span> <span class='ocrx_word' id='word_1_286' title='bbox 1863 4716 1952 4804; x_wconf 88' lang='lat' dir='ltr'>ovis</span> <span class='ocrx_word' id='word_1_287' title='bbox 1981 4713 2200 4827; x_wconf 87' lang='lat' dir='ltr'>primitivis</span> <span class='ocrx_word' id='word_1_288' title='bbox 2229 4711 2321 4797; x_wconf 85' lang='lat' dir='ltr'>sru-</span> 
     </span>
     <span class='ocr_line' id='line_1_30' title="bbox 500 4853 2321 4980; baseline -0.001 -40"><span class='ocrx_word' id='word_1_289' title='bbox 500 4857 609 4940; x_wconf 86' lang='lat' dir='ltr'>stula</span> <span class='ocrx_word' id='word_1_290' title='bbox 639 4854 751 4942; x_wconf 89' lang='lat' dir='ltr'>dicta</span> <span class='ocrx_word' id='word_1_291' title='bbox 778 4882 945 4968; x_wconf 86' lang='lat' dir='ltr'>semper</span> <span class='ocrx_word' id='word_1_292' title='bbox 973 4857 1137 4942; x_wconf 89' lang='lat' dir='ltr'>adsunt.</span> <span class='ocrx_word' id='word_1_293' title='bbox 1197 4857 1426 4945; x_wconf 88' lang='lat' dir='ltr'>Praeterea</span> <span class='ocrx_word' id='word_1_294' title='bbox 1454 4857 1499 4945; x_wconf 93' lang='lat' dir='ltr'>in</span> <span class='ocrx_word' id='word_1_295' title='bbox 1528 4859 1594 4946; x_wconf 86' lang='lat' dir='ltr'>his</span> <span class='ocrx_word' id='word_1_296' title='bbox 1623 4859 1788 4980; x_wconf 86' lang='lat' dir='ltr'>organis</span> <span class='ocrx_word' id='word_1_297' title='bbox 1817 4857 2084 4945; x_wconf 89' lang='lat' dir='ltr'>inveniuntur</span> <span class='ocrx_word' id='word_1_298' title='bbox 2112 4853 2321 4941; x_wconf 87' lang='lat' dir='ltr'>vesicrdae</span> 
     </span>
     <span class='ocr_line' id='line_1_31' title="bbox 500 4983 2322 5110; baseline 0.002 -30"><span class='ocrx_word' id='word_1_299' title='bbox 500 4998 683 5098; x_wconf 88' lang='lat' dir='ltr'>oleosae,</span> <span class='ocrx_word' id='word_1_300' title='bbox 714 5001 888 5107; x_wconf 87' lang='lat' dir='ltr'>granrda</span> <span class='ocrx_word' id='word_1_301' title='bbox 918 5000 1194 5110; x_wconf 83' lang='lat' dir='ltr'>polymorpho</span> <span class='ocrx_word' id='word_1_302' title='bbox 1224 4999 1447 5088; x_wconf 89' lang='lat' dir='ltr'>albuminis</span> <span class='ocrx_word' id='word_1_303' title='bbox 1477 5018 1519 5086; x_wconf 95' lang='lat' dir='ltr'>et</span> <span class='ocrx_word' id='word_1_304' title='bbox 1547 5001 1725 5086; x_wconf 82' lang='lat' dir='ltr'>frustula</span> <span class='ocrx_word' id='word_1_305' title='bbox 1748 5002 1859 5086; x_wconf 90' lang='lat' dir='ltr'>telae</span> <span class='ocrx_word' id='word_1_306' title='bbox 1882 4983 2209 5110; x_wconf 71' lang='lat' dir='ltr'>oellrdosae&#39;per</span> <span class='ocrx_word' id='word_1_307' title='bbox 2231 4999 2322 5084; x_wconf 90' lang='lat' dir='ltr'>cul·</span> 
     </span>
     <span class='ocr_line' id='line_1_32' title="bbox 501 5137 2322 5249; baseline 0.002 -27"><span class='ocrx_word' id='word_1_308' title='bbox 501 5153 609 5224; x_wconf 90' lang='lat' dir='ltr'>trum</span> <span class='ocrx_word' id='word_1_309' title='bbox 647 5139 716 5222; x_wconf 91' lang='lat' dir='ltr'>vel</span> <span class='ocrx_word' id='word_1_310' title='bbox 753 5137 937 5224; x_wconf 81' lang='lat' dir='ltr'>forficem</span> <span class='ocrx_word' id='word_1_311' title='bbox 974 5137 1148 5224; x_wconf 88' lang='lat' dir='ltr'>abscisa.</span> <span class='ocrx_word' id='word_1_312' title='bbox 1216 5138 1335 5249; x_wconf 82' lang='lat' dir='ltr'>Quas</span> <span class='ocrx_word' id='word_1_313' title='bbox 1365 5165 1510 5227; x_wconf 90' lang='lat' dir='ltr'>omnes</span> <span class='ocrx_word' id='word_1_314' title='bbox 1538 5170 1608 5229; x_wconf 89' lang='lat' dir='ltr'>res</span> <span class='ocrx_word' id='word_1_315' title='bbox 1644 5146 1890 5229; x_wconf 87' lang='lat' dir='ltr'>observator</span> <span class='ocrx_word' id='word_1_316' title='bbox 1926 5155 2071 5226; x_wconf 87' lang='lat' dir='ltr'>cautus</span> <span class='ocrx_word' id='word_1_317' title='bbox 2107 5168 2201 5226; x_wconf 90' lang='lat' dir='ltr'>oum</span> <span class='ocrx_word' id='word_1_318' title='bbox 2242 5169 2322 5224; x_wconf 89' lang='lat' dir='ltr'>un-</span> 
     </span>
     <span class='ocr_line' id='line_1_33' title="bbox 500 5278 2323 5396; baseline 0.002 -32"><span class='ocrx_word' id='word_1_319' title='bbox 500 5307 624 5386; x_wconf 85' lang='lat' dir='ltr'>quam</span> <span class='ocrx_word' id='word_1_320' title='bbox 654 5278 818 5384; x_wconf 85' lang='lat' dir='ltr'>viderit‚</span> <span class='ocrx_word' id='word_1_321' title='bbox 849 5307 928 5365; x_wconf 88' lang='lat' dir='ltr'>ova</span> <span class='ocrx_word' id='word_1_322' title='bbox 960 5278 1121 5367; x_wconf 92' lang='lat' dir='ltr'>minora</span> <span class='ocrx_word' id='word_1_323' title='bbox 1151 5308 1245 5368; x_wconf 85' lang='lat' dir='ltr'>omn</span> <span class='ocrx_word' id='word_1_324' title='bbox 1275 5280 1327 5368; x_wconf 88' lang='lat' dir='ltr'>iis</span> <span class='ocrx_word' id='word_1_325' title='bbox 1356 5309 1442 5370; x_wconf 90' lang='lat' dir='ltr'>non</span> <span class='ocrx_word' id='word_1_326' title='bbox 1472 5284 1712 5372; x_wconf 80' lang='lat' dir='ltr'>mnfirndet.</span> <span class='ocrx_word' id='word_1_327' title='bbox 1775 5284 1997 5392; x_wconf 85' lang='lat' dir='ltr'>Quomodo</span> <span class='ocrx_word' id='word_1_328' title='bbox 2025 5311 2127 5372; x_wconf 92' lang='lat' dir='ltr'>vero</span> <span class='ocrx_word' id='word_1_329' title='bbox 2154 5281 2323 5396; x_wconf 77' lang='lat' dir='ltr'>hydati-</span> 
     </span>
     <span class='ocr_line' id='line_1_34' title="bbox 502 5419 2322 5540; baseline 0.004 -36"><span class='ocrx_word' id='word_1_330' title='bbox 502 5419 576 5506; x_wconf 87' lang='lat' dir='ltr'>des</span> <span class='ocrx_word' id='word_1_331' title='bbox 606 5449 683 5532; x_wconf 92' lang='lat' dir='ltr'>pro</span> <span class='ocrx_word' id='word_1_332' title='bbox 715 5424 805 5510; x_wconf 88' lang='lat' dir='ltr'>ovis</span> <span class='ocrx_word' id='word_1_333' title='bbox 842 5423 992 5510; x_wconf 88' lang='lat' dir='ltr'>haberi</span> <span class='ocrx_word' id='word_1_334' title='bbox 1031 5423 1217 5536; x_wconf 83' lang='lat' dir='ltr'>possint,</span> <span class='ocrx_word' id='word_1_335' title='bbox 1255 5423 1315 5512; x_wconf 89' lang='lat' dir='ltr'>nti</span> <span class='ocrx_word' id='word_1_336' title='bbox 1345 5422 1571 5516; x_wconf 82' lang='lat' dir='ltr'>Pus&#39;vosv</span> <span class='ocrx_word' id='word_1_337' title='bbox 1603 5445 1646 5514; x_wconf 87' lang='lat' dir='ltr'>et</span> <span class='ocrx_word' id='word_1_338' title='bbox 1674 5429 1853 5512; x_wconf 71' lang='lat' dir='ltr'>Domus</span> <span class='ocrx_word' id='word_1_339' title='bbox 1883 5425 2172 5540; x_wconf 82' lang='lat' dir='ltr'>suspicantur,</span> <span class='ocrx_word' id='word_1_340' title='bbox 2203 5425 2322 5534; x_wconf 64' lang='lat' dir='ltr'>equs</span> 
     </span>
    </p>
   </div>
   <div class='ocr_carea' id='block_1_3' title="bbox 0 0 2672 6564">
    <p class='ocr_par' dir='ltr' id='par_1_5' title="bbox 0 0 2672 6564">
     <span class='ocr_line' id='line_1_35' title="bbox 0 0 2672 6564; baseline 0 0"><span class='ocrx_word' id='word_1_341' title='bbox 0 0 2672 6564; x_wconf 95' lang='lat' dir='ltr'> </span> 
     </span>
    </p>
   </div>
  </div>
 </body>
</html>
