5284 6572
824 761 1154 774 .„....„....-..
1217 707 1245 798 5
1308 761 1638 772 .-....,.......

320 946 432 1051 vidi,
462 947 567 1032 fines
597 963 737 1032 tamen
768 946 1000 1034 exteriores
1025 948 1113 1062 jam
1142 947 1381 1034 discernere
1410 976 1497 1035 non
1526 949 1662 1062 potui;
1692 947 1864 1036 minoris
1893 949 2023 1036 finisse
2054 977 2144 1034 am-
2314 991 2317 998 ·

320 1089 444 1194 bitus,
476 1089 638 1176 ratione
668 1093 723 1174 ad
753 1089 884 1176 fetum
911 1089 1074 1194 habita,
1105 1117 1232 1198 ortam
1260 1089 1305 1174 in
1335 1089 1505 1194 avibus,
1532 1090 1620 1204 jam
1648 1091 1905 1206 inspectione
1933 1092 2046 1178 tertii
2074 1093 2144 1182 ovi
2206 1133 2210 1146 ·

321 1248 419 1318 ante
455 1231 771 1346 microscopium
801 1232 1032 1318 adbibittun
1061 1259 1307 1345 persuasum
1341 1233 1443 1318 mihi
1483 1235 1634 1320 babeo.
1694 1235 1747 1322 Et
1776 1234 1913 1320 sinum
1941 1235 2142 1322 termina-

319 1379 403 1462 lem
432 1401 500 1460 me
529 1373 682 1460 vidisse
711 1374 894 1479 memini,
925 1378 980 1461 de
1009 1403 1093 1483 quo
1124 1403 1176 1463 eo
1204 1375 1340 1461 minus
1369 1376 1527 1480 dubito,
1559 1403 1653 1462 cum
1683 1394 1726 1464 et
1755 1377 1898 1466 Saurii
1929 1393 1972 1464 et
2001 1378 2141 1492 Ophi·

319 1517 377 1603 dii
419 1544 472 1605 eo
513 1545 600 1605 non
640 1535 823 1605 careant.
897 1517 1086 1604 Intestini
1122 1517 1306 1632 parietes
1348 1548 1424 1630 qr
1461 1536 1504 1606 et
1538 1532 1602 1602 st
1631 1521 1721 1636 jam
1751 1521 1977 1608 crassiores
2006 1538 2141 1624 erant,

318 1688 444 1772 quam
472 1676 520 1746 ut
548 1688 744 1748 vasorum
772 1678 940 1748 tnmcos
969 1665 1047 1746 sub
1076 1661 1127 1748 iis
1157 1662 1393 1749 reconditos
1416 1661 1644 1750 clarissime
1672 1663 1911 1751 discernere
1935 1663 2034 1749 etin
2052 1679 2143 1752 toto

317 1831 433 1890 nexu
461 1803 658 1916 persecpri
686 1801 920 1917 potuerim,
952 1806 1056 1891 duos
1084 1820 1226 1890 minen
1255 1804 1344 1888 vidi
1373 1804 1586 1916 sanguinis
1614 1807 1728 1892 haud
1765 1789 1994 1920 expertes,
2038 1832 2143 1914 quos

317 1975 396 2061 pro
437 1961 581 2033 aortae
617 1947 743 2031 ramis
777 1947 1079 2059 principalibus
1113 1946 1245 2032 habui
1276 1947 1534 2058 (dequibus
1565 1947 1617 2033 cf.
1648 1951 1869 2053 Pnunnn,
1930 1944 2144 2061 Beitrdge

316 2119 395 2174 zur
423 2089 1012 2203 Enboickelmrgsgescltiobte
1040 2089 1116 2174 des
1144 2089 1404 2174 Hiibncbens
1424 2089 1483 2174 im
1505 2090 1602 2176 Eia.
1632 2143 1693 2156 —
1725 2091 1969 2203 Wirzdurg
1999 2090 2141 2178 1817.

318 2233 417 2318 Fol.
462 2231 568 2317 Ταῦ.
607 2232 801 2342 octav.);
839 2260 973 2318 venae
1009 2233 1168 2318 scilicet
1202 2231 1248 2318 in
1285 2232 1366 2317 hac
1393 2233 1568 2346 periodo
1597 2233 1840 2345 sanguinem
1870 2233 1991 2319 citius
2018 2234 2143 2321 amit·

317 2392 408 2463 tere
438 2377 575 2462 solent
605 2403 656 2462 ac
685 2374 892 2478 arteriae,
924 2378 979 2462 ob
1003 2374 1140 2462 cordis
1170 2374 1256 2460 vim
1279 2403 1382 2462 sane
1411 2374 1635 2462 suctoriam
1666 2375 1821 2462 diutim
1845 2376 2136 2489 persistentem

318 2545 443 2628 qrram
472 2519 559 2604 vita
589 2517 634 2603 in
664 2516 835 2602 remudis
870 2515 1115 2604 minoribus.
1177 2519 1418 2605 Trunculos
1442 2545 1542 2631 ergo
1578 2518 1810 2631 descriptos
1840 2523 1928 2626 (w)
1960 2547 2037 2632 pro
2070 2547 2141 2605 ar-

317 2661 434 2748 teriis
463 2661 605 2766 sumsi,
635 2662 734 2746 licet
755 2687 889 2746 venae
917 2658 1029 2746 inter
1058 2687 1131 2748 eos
1160 2687 1254 2747 esse
1282 2661 1456 2775 possint.
1516 2663 1608 2747 Vas
1630 2687 1733 2750 vero
1763 2689 1789 2748 a
1813 2661 2035 2776 posteriori
2057 2662 2142 2748 fine

317 2806 428 2892 circa
462 2806 621 2891 caudae
651 2804 911 2890 involucrum
940 2789 1167 2890 decurrens
1195 2821 1285 2890 tum
1314 2809 1370 2890 ab
1400 2802 1588 2891 intestini
1618 2803 1748 2890 crassi
1777 2805 1894 2890 aditu
1930 2809 2002 2912 (r)
2040 2831 2142 2891 ocu·

317 2949 370 3034 lis
393 2951 667 3050 subductum,
697 2974 805 3034 rena
830 2946 965 3030 sisinn
996 2960 1060 3032 est
1089 2948 1362 3034 adscendens.
1422 2949 1491 3033 De
1514 2947 1633 3034 venis
1655 2947 1766 3034 binis
1790 2947 2140 3036 descendentibus

312 3095 401 3208 jam
422 3095 584 3178 locutus
609 3117 714 3177 sum.
775 3090 826 3176 ln
850 3088 1001 3200 vagina
1032 3089 1180 3202 capitis
1205 3091 1388 3176 minores
1413 3091 1664 3178 arteriarum
1686 3091 1791 3176 fines
1820 3088 2006 3178 adiuissc
2027 3091 2140 3176 baud

315 3234 475 3322 dubito.

468 3378 649 3462 hmticn
679 3379 804 3464 dorso
826 3394 912 3465 tam
937 3395 1050 3464 arcte
1075 3378 1287 3482 incubuit,
1311 3395 1359 3465 ut
1387 3395 1486 3466 ante
1508 3378 1755 3465 incisionem
1777 3377 1830 3464 iis
1851 3392 2015 3464 tantum
2037 3377 2141 3465 locis

317 3521 499 3607 discerni
529 3536 695 3631 posset,
727 3519 875 3628 quibus
907 3537 1169 3608 curvaturam
1205 3525 1414 3631 quandam
1450 3522 1560 3608 fetus
1594 3523 1747 3628 babet,
1778 3549 1818 3606 v.
1850 3547 1891 3633 g.
1922 3520 1968 3606 in
2002 3519 2141 3608 medio

318 3667 465 3766 dorso,
495 3663 643 3748 sinon
670 3661 807 3764 fallor,
838 3665 892 3747 ad
921 3665 1141 3752 transitum
1168 3667 1379 3751 medullae
1404 3668 1653 3777 oblongatae
1688 3665 1733 3752 in
1756 3691 1934 3776 corpora
1968 3663 2141 3772 qrmdri-

318 3806 482 3920 gemina
524 3807 569 3910 <*
582 3804 625 3915 ¹⁸)
669 3806 796 3890 etad
832 3807 982 3893 horum
1011 3807 1231 3892 transitum
1268 3805 1314 3892 in
1349 3811 1570 3893 cerebrum
1608 3807 1703 3918 (*),
1740 3781 1999 3919 potissimum
2039 3829 2141 3890 vero

318 3955 372 4038 ad
416 3951 523 4037 fetus
560 3948 686 4033 linem
727 3948 1028 4060 posteriorem,
1067 3949 1142 4034 ubi
1178 3949 1384 4038 involucri
1413 3952 1571 4037 caudae
1603 3947 1802 4034 laminam
1830 3947 1984 4037 format
2013 3973 2140 4062 supe-

319 4097 485 4181 riorem.
545 4091 711 4198 Ubique
730 4090 818 4204 jam
847 4094 1035 4177 clausum
1060 4107 1151 4178 erat
1175 4108 1218 4181 et
1240 4108 1427 4178 suturam
1450 4093 1563 4178 baud
1587 4091 1766 4204 amplius
1788 4091 1945 4178 inveni.
2006 4093 2140 4176 Prae-
2226 4149 2230 4158 ·

318 4256 435 4324 terea
465 4237 613 4320 eadem
639 4232 747 4319 ratio
777 4233 867 4347 ejus
898 4233 952 4318 ad
976 4233 1108 4320 letum
1131 4250 1258 4346 atque
1280 4235 1327 4319 in
1357 4235 1531 4339 avibus,
1564 4236 1619 4319 de
1650 4261 1734 4341 quo
1765 4232 1877 4320 coni.
1913 4232 2141 4322 sectionem

318 4398 598 4466 traursrersam
629 4374 754 4488 (Fig.
778 4375 875 4459 VII
890 4373 961 4486 ἦ).
1003 4377 1155 4462 Nullus
1187 4403 1287 4489 ergo
1311 4376 1456 4464 dubito
1480 4378 1630 4464 eodem
1647 4377 1773 4462 modo
1796 4379 2007 4463 evolutum
2031 4355 2139 4462 esse.

472 4518 673 4605 Sacerdos
696 4517 891 4606 minimus
922 4515 991 4634 (z)
1024 4545 1080 4606 ex
1116 4519 1235 4633 apice
1259 4518 1425 4604 caudali
1455 4519 1526 4604 vix
1558 4545 1777 4630 emergens
1807 4534 1851 4604 et
1880 4519 2141 4606 involuortnn

319 4667 477 4753 caudae
500 4661 546 4746 in
576 4686 671 4746 suas
697 4659 873 4746 laminas
890 4663 1055 4748 findens
1079 4663 1170 4747 sine
1193 4661 1322 4750 dubio
1344 4666 1589 4749 membrana
1609 4661 1870 4746 allantoidee
1893 4679 1970 4765 est,
2001 4689 2139 4770 quam

319 4837 414 4896 cum
455 4803 738 4917 erytlrroidem
780 4827 945 4888 saccum
982 4803 1262 4890 intestinalem
1303 4804 1626 4906 nominaverim,
1684 4831 1853 4886 sacrm
1900 4802 2141 4888 minutim

322 4945 594 5066 (Hornsack)
627 4944 709 5031 dici
738 4946 877 5031 velim.

485 5089 674 5176 Partium
711 5088 973 5174 internarum
998 5087 1284 5198 conformatio
1318 5090 1431 5174 baud
1463 5087 1600 5174 minus
1637 5115 1732 5176 oum
1774 5089 2002 5176 avictdaria
2037 5117 2139 5177 oon·

320 5237 455 5353 glutit,
496 5232 558 5316 uti
588 5231 846 5343 potissimum
875 5233 1006 5319 sectio
1043 5247 1283 5320 transversa
1319 5234 1465 5336 docet,
1507 5259 1633 5340 quam
1658 5231 1715 5318 -in
1750 5233 1891 5320 medio
1917 5234 2043 5320 dorso
2072 5230 2139 5318 ia·

321 5399 430 5470 ctam
465 5375 569 5488 Fig.
606 5373 650 5455 V
644 5375 707 5459 11
716 5371 745 5459 ³.
781 5375 914 5489 pinxi.
976 5377 1157 5462 Dorsum
1189 5402 1246 5462 ex
1275 5371 1482 5461 concretis
1515 5375 1677 5464 duabus
1712 5375 1879 5462 laminis
1905 5375 2139 5464 dorsalibus

323 5523 475 5638 (plicis
497 5521 725 5636 priuatiorb
752 5520 1004 5625 Pauorem)
1037 5523 1091 5622 (a
1114 5520 1164 5624 b)
1195 5519 1420 5608 medullam
1449 5517 1657 5628 spinalem
1682 5519 1757 5625 (k)
1785 5518 2140 5606 circumdantibus
