5284 6572
805 696 1653 788 mmm..-

243 1049 245 1054 .
314 954 479 1052 partem
508 934 758 1060 eminentem
788 951 832 1022 et
859 949 990 1026 totam
1018 933 1149 1023 ovarii
1178 917 1454 1050 superficiem,
1486 954 1613 1045 atque
1642 935 1878 1048 oliaginea
1901 935 2015 1048 apud
2037 963 2143 1022 ana·

317 1081 490 1168 tomicos
525 1080 750 1164 nonnullos
770 1075 928 1181 audit,
958 1078 1099 1165 laxior
1141 1079 1364 1190 multisque
1404 1079 1514 1166 vasis
1555 1095 1796 1192 perreptata
1839 1079 1893 1165 ad
1934 1077 2143 1166 vesiculae

318 1239 481 1336 partem
509 1221 758 1306 immersam.
820 1217 926 1308 Gmn
954 1219 1066 1307 inter
1093 1221 1358 1332 albuginem
1387 1237 1430 1308 et
1457 1224 1752 1335 perenchyma
1773 1221 1906 1308 ovarii
1929 1221 2003 1306 vix
2031 1218 2142 1306 hmi-

316 1382 382 1454 tcs
411 1369 522 1452 bene
549 1361 743 1452 delinitos
771 1362 1096 1467 observaverim,
1128 1380 1171 1449 et
1193 1365 1336 1452 illein
1354 1365 1543 1478 plurimis
1560 1365 1848 1450 mammolibus
1873 1362 2144 1452 tenerrimum

318 1505 472 1594 efficiat
500 1519 701 1609 stratum,
733 1503 909 1591 diversis
937 1503 1123 1592 numeris
1151 1505 1196 1591 in
1226 1507 1347 1594 icone
1384 1507 1549 1620 signare
1586 1508 1715 1594 nolui.
1789 1509 2017 1592 Praeterea
2059 1534 2141 1592 nu·

317 1676 456 1740 meros
485 1648 531 1740 in
560 1647 681 1742 icone
711 1645 803 1734 IX.
834 1675 929 1734 cum
957 1647 1147 1736 iisdem
1132 1677 1178 1734 ιιι
1206 1651 1288 1738 hac
1319 1650 1580 1762 expositione
1610 1677 1843 1763 congruere
1868 1648 1956 1766 jam
1986 1652 2139 1736 elucet.

318 1791 688 1906 supervacaneum
717 1788 843 1902 igitur
872 1817 966 1878 esse
996 1791 1124 1895 duxi,
1154 1793 1330 1903 ligrrram
1358 1820 1524 1905 semper
1551 1791 1695 1880 citare.

750 1934 803 2018 B.
870 1933 1015 2020 lbera
1044 1935 1207 2037 duobus
1236 1935 1378 2022 stratis
1408 1934 1698 2047 componitur.

471 2075 518 2164 3.
578 2075 731 2162 Strato
761 2085 945 2160 ammoto
975 2075 1092 2162 tenui
1120 2079 1197 2164 sed
1224 2093 1400 2182 tenace,
1431 2077 1771 2190 semipellucido‚
1803 2103 1860 2162 ex
1897 2078 2027 2162 densa
2054 2078 2141 2160 tela

316 2223 516 2309 cellulcsa
544 2219 723 2306 conflato
752 2216 815 2302 uti
842 2221 1112 2306 membraneo
1141 2233 1289 2306 tenues
1318 2223 1467 2307 solent.
1528 2223 1648 2308 Vasa
1676 2218 1849 2332 recipit,
1886 2217 1931 2305 in
1960 2244 2011 2306 se
2036 2244 2140 2304 con-

316 2364 423 2454 tinet
450 2378 495 2454 et
522 2388 668 2448 eonem
696 2361 802 2450 fines
830 2359 875 2446 ιιι
905 2374 1081 2450 straton
1108 2385 1289 2469 sequens
1318 2361 1455 2450 mittit.

467 2499 515 2590 tl.
574 2502 725 2591 Strato
754 2501 942 2607 ιιιιειιιο,
973 2502 1200 2607 crassiore,
1230 2505 1445 2611 molliore,
1475 2506 1609 2618 magis
1646 2533 1799 2618 opaco,
1835 2503 1953 2621 cujus
1988 2528 2139 2616 super

316 2648 431 2744 ficies
459 2645 627 2742 iuterna
655 2644 921 2737 subtilissime
948 2646 1367 2758 pannoso-vitiosa
1396 2665 1440 2736 et
1467 2648 1630 2736 lubrica
1659 2665 1737 2735 est.
1782 2644 2036 2760 appeteres
2059 2669 2140 2730 ex·

316 2808 439 2880 tenta
467 2787 697 2880 arctissime
723 2815 820 2878 mam
848 2803 981 2878 strato
1008 2803 1189 2880 externe
1215 2792 1429 2880 cohaeret.
1489 2793 1760 2878 Laminorom
1794 2789 2007 2902 separatio
2039 2785 2140 2874 inde

316 2934 361 3020 in
388 2932 618 3023 minoribus
647 2930 891 3022 difficillima
921 2943 1011 3036 est,
1047 2931 1093 3020 in
1127 2930 1354 3047 majoribus
1389 2961 1491 3021 vero
1520 2935 1582 3020 uti
1611 2934 1656 3020 in
1684 2961 1806 3022 ιιιιιιιι
1833 2928 2029 3020 vericulis
2051 2928 2142 3046 jam

316 3093 416 3168 ante
443 3073 786 3186 augescentium,
815 3072 1004 3186 inprimis
1032 3088 1127 3185 post
1154 3077 1328 3164 brevem
1355 3075 1678 3164 macerationem
1705 3077 1876 3163 cultello
1905 3072 2016 3161 effici
2044 3083 2140 3185 pot-2

317 3237 382 3310 est
422 3235 467 3304 et
506 3214 748 3328 saepissime
790 3243 817 3302 a
856 3243 925 3306 me
977 3215 1090 3308 lacta
1136 3233 1226 3323 est,
1280 3221 1351 3305 vel
1389 3218 1584 3306 vesiculis
1625 3218 1761 3332 plenis
1803 3221 1873 3305 vel
1914 3213 2138 3310 evacuatis.

316 3361 482 3452 Ablatis
523 3358 635 3451 enim
675 3360 1003 3472 perenchymate
1037 3373 1082 3447 ct
1110 3358 1302 3465 ιιιιιιιιιο,
1332 3377 1508 3450 matum
1536 3379 1759 3450 externum
1785 3364 1935 3448 thecae
1963 3358 2009 3446 in
2037 3383 2140 3445 con·-

317 3521 464 3620 speoto
492 3503 612 3616 posui
639 3529 734 3593 cum
762 3503 874 3594 vasis
901 3502 1011 3609 suis,
1040 3529 1125 3612 qim
1154 3519 1278 3592 caute
1306 3503 1437 3594 inciso
1467 3521 1510 3592 et
1540 3509 1694 3610 oblate,
1724 3521 1901 3592 stratrm
1929 3501 2141 3588 htemnm

316 3647 536 3738 manifeste
575 3645 768 3732 diversae
807 3659 1041 3734 structurae
1082 3645 1317 3754 colorisque
1354 3647 1491 3734 mimas
1531 3649 1620 3734 albi
1650 3648 1857 3761 appar-nit.
1914 3644 2139 3732 Rationem

315 3794 427 3884 inoer
460 3805 682 3879 externum
722 3802 767 3877 et
801 3785 1013 3874 internum
1042 3813 1125 3878 uno
1154 3791 1284 3876 verbo
1313 3788 1570 3882 indicaturam
1600 3791 1777 3876 eandem
1807 3815 1901 3874 esse
1930 3786 2139 3873 contendo

316 3953 442 4046 atque
482 3932 593 4021 inter
633 3933 897 4019 membranas
938 3928 1155 4043 pbvbesas
1197 3946 1242 4020 et
1281 3931 1543 4048 adjacemem
1571 3935 1701 4033 telam
1730 3933 1999 4033 cellnlosam,
2030 3951 2139 4036 quae

317 4079 431 4192 apud
459 4091 625 4166 veteres
653 4071 794 4161 mnica
823 4099 981 4164 nervea
1011 4071 1141 4162 audit
1216 4074 1406 4163 Stratum
1442 4075 1654 4162 internmn
1694 4101 1846 4162 revera
1886 4066 2139 4168 mitanis

315 4217 547 4338 morbosis,
578 4216 691 4326 quod
721 4215 776 4299 ad
804 4228 1013 4300 texturam
1044 4214 1193 4306 attinet
1221 4221 1491 4329 respondere,
1522 4221 1663 4304 nullus
1686 4216 1844 4303 dubito.
1905 4214 2074 4300 Adsunt
2097 4225 2140 4296 et

317 4360 535 4454 scrobiculi
576 4357 819 4448 scrobiculis
861 4356 1083 4470 muciparis
1123 4357 1293 4448 entes
1354 4361 1566 4448 Vesorum
1593 4361 1699 4448 linoe
1726 4360 1774 4446 in
1802 4373 1977 4445 sontum
2006 4354 2138 4440 inter-

317 4534 418 4596 nmn
452 4518 722 4616 penetrantes
763 4501 846 4588 cito
882 4500 926 4592 in
955 4503 1140 4592 ramulos
1168 4501 1431 4590 tenuissimos
1460 4506 1541 4596 sub
1569 4503 1859 4615 penicillorum
1886 4501 1977 4590 fere
2005 4498 2139 4584 formo

319 4654 547 4740 solvuntur.
574 4695 638 4715 ι-

469 4785 691 4878 Distinctic
720 4786 830 4878 inter
859 4789 982 4878 ambo
1012 4802 1147 4876 strata
1174 4790 1322 4876 thecae
1351 4817 1438 4877 non
1472 4789 1579 4874 levis
1594 4788 1805 4876 momenti
1834 4787 2009 4887 videtur,
2041 4779 2141 4890 quia

317 4965 370 5025 ea
398 4950 559 5028 tantum
587 4928 774 5042 corporis
802 4927 907 5019 lutei
933 4927 1138 5041 originem
1164 4928 1288 5016 nohis
1317 4932 1587 5016 demonstrat.
1744 4953 1748 4959 ·
2117 4957 2119 4964 s

463 5077 639 5166 Tbccae
680 5100 732 5166 ea
772 5100 890 5188 pars,
933 5097 1042 5182 qaue
1082 5073 1259 5185 posthac
1292 5071 1509 5185 nimpitur,
1535 5071 1622 5189 jam
1652 5072 1822 5182 aliquod
1850 5087 2013 5183 tempus
2042 5085 2139 5152 ante

316 5238 534 5336 rupturam
561 5216 727 5310 anuto
754 5216 931 5322 videtu,
962 5216 1074 5324 qtuod
1102 5215 1361 5326 potisn'mun
1391 5231 1571 5303 astrato
1595 5217 1761 5302 intorno
1785 5215 1972 5327 pendere
1995 5210 2136 5296 credo.

316 5371 510 5481 Apparet
541 5359 656 5448 enim
697 5358 755 5466 in·
782 5356 975 5450 vesiculis
1016 5355 1177 5446 scrofae
1213 5358 1476 5469 turgentibus
1516 5359 1685 5473 saepius
1726 5358 1890 5442 macula
1929 5356 2137 5462 quaedem

316 5505 558 5623 perhtcida,
600 5500 858 5614 marginem.
895 5497 1204 5596 albescentibus
1240 5499 1540 5614 irregularibus
1568 5501 1686 5611 quasi
1715 5498 1856 5586 exesis
1885 5496 2136 5584 circumdata
