5284 6572
833 685 1288 776 ----—27
1490 761 1491 764 γ

283 915 288 922 ’
337 930 523 1014 noudum
564 930 776 1014 absolutas
817 951 911 1013 esse
947 923 1102 1038 optime
1150 923 1262 1028 scio,
1311 948 1450 1034 neque
1492 924 1652 1011 absolvi
1694 951 1816 1037 posse
1857 925 1939 1010 nisi
1981 928 2162 1038 pluium

339 1096 544 1158 annonam
572 1073 720 1157 labore
749 1072 888 1156 credo.
1076 1065 1081 1082 ’
1531 1091 1535 1098 ·

492 1211 673 1316 Omnia,
703 1240 813 1321 quae
843 1213 955 1298 circa
983 1213 1273 1320 quodcumque
1303 1236 1474 1298 ovorum
1504 1237 1635 1322 genus
1664 1209 1771 1315 vidi,
1803 1211 1991 1297 dubitavi
2020 1229 2063 1299 θῖ
2091 1241 2161 1300 re-

338 1357 439 1458 vidi,
469 1354 539 1440 hio
568 1355 733 1467 poninus
762 1355 922 1441 relerre
950 1353 1185 1440 taediosum
1214 1369 1338 1440 esset.
1400 1351 1542 1464 Saepe
1572 1353 1684 1438 enim
1715 1369 1778 1439 est
1807 1352 1978 1441 difficile
2006 1356 2161 1473 dijudi-

338 1513 448 1601 cem,
479 1501 691 1607 quodnam
718 1522 873 1583 nomen
894 1515 999 1609 'pars
1030 1496 1169 1605 aliqua
1199 1510 1421 1582 mereatur.
1480 1496 1542 1580 Ea
1576 1494 1703 1606 igitur
1737 1510 1899 1581 tantum
1936 1525 2160 1610 exponam,

338 1667 447 1750 quae
476 1639 578 1726 milri
606 1667 809 1727 summam
837 1639 1174 1728 observationum
1202 1639 1408 1725 conticere
1436 1637 1643 1742 videntur,
1674 1654 1718 1724 ct
1745 1639 1914 1747 quidem
1942 1667 2028 1726 non
2057 1669 2160 1728 ovo-

213 1819 220 1842 ·
338 1811 433 1868 rum
466 1809 622 1896 genera
658 1799 901 1886 seoutmus,
939 1783 1016 1869 sed
1057 1797 1199 1894 partes
1239 1781 1538 1869 constimtivas.
1610 1775 1705 1866 Ova
1741 1782 2022 1869 mammalium
2050 1812 2163 1871 nunc

339 1925 505 2037 penitius
533 1925 803 2038 negligamus.
1658 1943 1660 1948 ’

492 2068 542 2152 ln
579 2069 772 2155 omnibus
812 2067 939 2180 igitur
979 2065 1070 2156 ovis
1106 2091 1243 2152 ame
1287 2065 1536 2153 examinatis
1576 2067 1763 2152 vesicula
1801 2067 2003 2182 ltaectnjt
2043 2071 2163 2158 adest

340 2225 438 2296 ante
479 2211 762 2298 evolutionem
799 2213 1045 2296 absolutam.
1123 2210 1174 2294 ln
1208 2207 1438 2295 minoribus
1472 2209 1561 2326 jam
1609 2225 1807 2320 apparet,
1861 2208 1946 2296 imo
1986 2209 2163 2322 primum

341 2351 409 2439 ovi
444 2352 665 2464 vestigium
700 2378 794 2438 esse
829 2352 1015 2456 videtur,
1051 2352 1163 2437 circa
1192 2352 1305 2460 quod
1334 2351 1503 2438 vitellus
1532 2350 1753 2464 colligitur.
1813 2351 2021 2438 Mollusca
2050 2353 2162 2440 circa

341 2495 451 2580 hanc
479 2495 682 2607 originem
710 2521 778 2580 me
807 2494 999 2586 fecerunt
1027 2495 1274 2598 certiorem
1311 2493 1356 2578 in
1384 2495 1596 2581 mollescis
1637 2495 1750 2580 enim
1783 2493 1989 2581 vesiculas
2024 2499 2162 2607 pellu-

342 2637 458 2724 oidas
486 2637 678 2725 minimas
707 2653 805 2722 ante
834 2662 913 2723 ova
944 2637 1056 2742 vidi,
1097 2655 1187 2724 tum
1222 2637 1428 2724 vesiculas
1464 2653 1594 2724 strato
1630 2637 1763 2723 vitelli
1798 2642 1984 2723 obtectas
2013 2653 2057 2724 θῖ
2084 2665 2163 2750 po-

342 2797 498 2868 memo
527 2806 607 2867 ova
635 2780 766 2893 mags
794 2780 1008 2894 magisque
1037 2783 1218 2868 evoluta.
1248 2816 1253 2826 “
1278 2780 1416 2884 Idem,
1459 2779 1505 2866 ni
1531 2780 1682 2885 lallor,
1712 2782 1827 2867 valet
1855 2782 1911 2867 de
1938 2781 2164 2869 Lumbrioo

343 2949 422 3009 nec
463 2950 550 3010 non
590 2926 646 3010 de
685 2923 903 3008 llirudinc.
974 2924 1025 3008 ln
1066 2922 1158 3008 adis
1198 2921 1289 3009 ovis
1326 2922 1503 3009 evolutis
1538 2923 1598 3008 ita
1634 2922 1806 3009 delinito
1834 2923 2050 3010 observari
2079 2951 2164 3011 non

343 3082 501 3180 potest,
531 3065 727 3174 quoniam
756 3065 925 3176 quidem
954 3065 1086 3150 thecnis
1113 3067 1363 3151 conduntur.

496 3209 696 3304 Vesicula
724 3214 892 3294 moneto
921 3208 1065 3294 innata
1094 3224 1171 3314 est,
1200 3207 1364 3294 ratione
1389 3209 1442 3294 ad
1467 3207 1693 3294 vesiculam
1716 3210 1939 3295 admodum
1959 3209 2162 3297 variante.

344 3354 396 3438 ln
425 3351 520 3439 aliis
550 3351 662 3438 enim
690 3353 919 3457 meruimus,
949 3351 1011 3438 uti
1038 3352 1086 3437 in
1114 3349 1350 3457 molluscis,
1379 3351 1427 3437 in
1455 3350 1551 3438 aliis
1578 3351 1729 3456 minor,
1759 3352 1834 3436 ubi
1860 3350 2046 3438 vesicula
2074 3339 2179 3438 ma·v

347 3495 409 3606 gis
451 3497 619 3580 exculta
661 3511 750 3598 est,
788 3493 849 3580 uti
883 3494 930 3579 in
967 3493 1118 3581 sauriis
1147 3509 1191 3581 θῖ
1219 3493 1413 3606 ophidiis.
1490 3491 1694 3582 candia
1733 3510 1952 3607 praeterea
1988 3493 2033 3579 in
2073 3495 2167 3580 ani-

345 3636 526 3722 malibus
554 3621 800 3724 inforiortnn
827 3637 1023 3723 classium
1051 3663 1135 3724 non
1164 3635 1224 3721 ita
1251 3637 1474 3723 manifeste
1502 3638 1748 3748 graumonrs
1777 3652 1842 3723 est
1870 3663 1997 3745 quam
2024 3637 2070 3722 in
2093 3665 2166 3724 su·
2336 3661 2342 3670 ’

346 3778 578 3892 pariorum:
606 3779 653 3864 in
681 3777 892 3867 molluscis
921 3777 1124 3863 albumini
1151 3776 1373 3890 inspissato
1395 3778 1488 3864 lare
1511 3805 1588 3890 par
1611 3795 1689 3864 est.
1748 3780 1799 3864 ln
1827 3778 1999 3864 insectis
2022 3801 2167 3861 cumu

346 3925 434 4009 lum
468 3924 685 4032 hucusque
719 3921 958 4008 disoerncm
993 3947 1081 4010 non
1114 3919 1260 4033 potui3
1300 3920 1414 4008 idem
1450 3921 1504 4007 de
1540 3920 1724 4033 piscihus
1758 3921 1987 4023 confiteor3
2028 3918 2072 4004 in
2101 3918 2168 4004 his

345 4067 463 4152 onim
490 4064 673 4150 vesicula
703 4063 803 4149 satis
832 4091 983 4176 magna
1013 4092 1039 4150 a
1069 4063 1248 4178 globulis
1277 4066 1433 4151 olcosis
1475 4079 1651 4150 stratum
1691 4066 1901 4172 quoddam
1942 4060 2168 4148 conficien-

348 4208 462 4294 tibus
503 4205 586 4294 cito
627 4208 859 4292 obvelatur.
943 4207 1071 4317 Quod
1121 4221 1297 4294 stratum
1336 4235 1438 4292 num
1479 4205 1639 4292 discum
1680 4205 1839 4292 reserat
1879 4206 2171 4311 cumulumque

347 4349 504 4437 nescio.
563 4350 616 4433 ln
643 4347 893 4452 hanachiis,
923 4347 1076 4458 quibus
1104 4349 1248 4458 utique
1275 4348 1460 4436 vesicula
1490 4363 1555 4435 est
1582 4349 1787 4454 maxima,
1817 4348 2011 4434 distincte
2040 4371 2173 4460 appa-

350 4509 417 4580 ret
446 4491 559 4578 circa
588 4517 682 4577 eam
710 4519 847 4578 massa
876 4491 1124 4604 pecudiaris,
1154 4519 1280 4603 quam
1309 4520 1388 4607 pro
1416 4494 1582 4578 cumulo
1611 4494 1762 4580 habeo.

505 4635 597 4720 Nec
624 4631 809 4720 vesictda
845 4650 1014 4745 praeter
1053 4635 1381 4748 magnitudinem
1420 4635 1609 4753 ejusdem
1648 4635 1803 4722 indolis
1844 4649 1921 4720 est.
1993 4634 2044 4718 ln
2084 4631 2174 4716 ovis

348 4777 582 4896 junioribus
611 4776 796 4865 omnitun
824 4776 1066 4862 animalium
1093 4779 1302 4888 pellucida
1331 4793 1415 4880 est,
1445 4777 1575 4862 fluido
1603 4805 1715 4862 nunc
1743 4779 1859 4862 nulla
1896 4801 2008 4861 nuno
2036 4773 2174 4860 minu-
2225 4753 2235 4766 ’

350 4922 513 5008 tissirm
556 4923 729 5034 granula
777 4919 946 5008 fovente
995 4918 1178 5031 impleta.
1264 4920 1315 5004 ln
1356 4917 1592 5023 mollusoiS,
1647 4917 1940 5023 annelidibus,
1989 4915 2172 5020 insectis,

352 5065 580 5151 crustaocis
617 5064 799 5178 (Astaco
828 5061 971 5174 fluv),
1014 5061 1241 5149 hanachiis
1277 5079 1320 5151 θῖ
1355 5061 1503 5148 avibus
1531 5060 1576 5147 in
1604 5063 1685 5148 hoc
1714 5076 1827 5148 statu
1856 5085 2075 5147 remanere
2110 5057 2176 5142 vi·

355 5210 492 5310 detur,
521 5207 709 5314 quauwm
732 5207 778 5292 in
799 5203 1013 5291 nonnullis
1038 5207 1092 5290 ad
1115 5206 1396 5294 maturitatem
1417 5206 1505 5322 jam
1526 5208 1794 5318 grantdorum
1816 5203 1937 5316 copia
1960 5215 2175 5313 augeamur.

356 5353 406 5436 ln
442 5347 622 5473 ophidiis
659 5365 702 5434 et
743 5349 893 5435 sauciis
928 5372 1033 5435 voro
1073 5350 1248 5461 grauida
1289 5348 1407 5434 fluidi
1447 5348 1596 5436 inclusi
1636 5347 1795 5464 majora
1826 5361 1869 5431 ot
1897 5344 2179 5454 frequentiora
2307 5367 2312 5376 ·

358 5509 584 5607 apparent,
615 5507 703 5578 tum
731 5495 939 5578 lutesctmt
969 5506 1011 5577 ct
1041 5493 1094 5576 ad
1124 5489 1404 5578 maturitatem
1433 5495 1603 5578 tandem
1632 5514 1799 5576 saccum
1833 5487 2043 5574 internum
2079 5513 2182 5573 cou-

1701 5628 1735 5717 4
1762 5631 1782 5674 d
