<?xml version="1.0" encoding="UTF-8"?>
<!DOCTYPE html PUBLIC "-//W3C//DTD XHTML 1.0 Transitional//EN"
    "http://www.w3.org/TR/xhtml1/DTD/xhtml1-transitional.dtd">
<html xmlns="http://www.w3.org/1999/xhtml" xml:lang="en" lang="en">
 <head>
  <title>
</title>
<meta http-equiv="Content-Type" content="text/html;charset=utf-8" />
  <meta name='ocr-system' content='tesseract 3.04.00' />
  <meta name='ocr-capabilities' content='ocr_page ocr_carea ocr_par ocr_line ocrx_word'/>
</head>
<body>
  <div class='ocr_page' id='page_1' title='image "./deovimammaliume00baergoog_0041.png"; bbox 0 0 5284 6572; ppageno 0'>
   <div class='ocr_carea' id='block_1_1' title="bbox 974 683 1818 772">
    <p class='ocr_par' dir='ltr' id='par_1_1' title="bbox 974 683 1818 772">
     <span class='ocr_line' id='line_1_1' title="bbox 974 683 1818 772; baseline -0.005 -22"><span class='ocrx_word' id='word_1_1' title='bbox 974 683 1818 772; x_wconf 53' lang='lat' dir='ltr'>mog-„—</span> 
     </span>
    </p>
   </div>
   <div class='ocr_carea' id='block_1_2' title="bbox 479 911 2321 3754">
    <p class='ocr_par' dir='ltr' id='par_1_2' title="bbox 479 911 2308 1440">
     <span class='ocr_line' id='line_1_2' title="bbox 481 911 2308 1038; baseline -0.001 -28"><span class='ocrx_word' id='word_1_2' title='bbox 481 921 678 1025; x_wconf 87' lang='lat' dir='ltr'>stituum,</span> <span class='ocrx_word' id='word_1_3' title='bbox 708 923 918 1012; x_wconf 88' lang='lat' dir='ltr'>vesiculae</span> <span class='ocrx_word' id='word_1_4' title='bbox 948 925 1216 1010; x_wconf 78' lang='lat' dir='ltr'><strong>membranae</strong></span> <span class='ocrx_word' id='word_1_5' title='bbox 1245 911 1530 1038; x_wconf 70' lang='lat' dir='ltr'>adjacentem</span> <span class='ocrx_word' id='word_1_6' title='bbox 1559 921 1606 1008; x_wconf 89' lang='lat' dir='ltr'>in</span> <span class='ocrx_word' id='word_1_7' title='bbox 1635 921 1725 1008; x_wconf 91' lang='lat' dir='ltr'>ovis</span> <span class='ocrx_word' id='word_1_8' title='bbox 1753 921 1929 1008; x_wconf 89' lang='lat' dir='ltr'>maturis</span> <span class='ocrx_word' id='word_1_9' title='bbox 1951 947 2097 1008; x_wconf 79' lang='lat' dir='ltr'>securus</span> <span class='ocrx_word' id='word_1_10' title='bbox 2120 921 2308 1008; x_wconf 74' lang='lat' dir='ltr'>interum</span> 
     </span>
     <span class='ocr_line' id='line_1_3' title="bbox 480 1045 2305 1179; baseline -0.002 -27"><span class='ocrx_word' id='word_1_11' title='bbox 480 1045 727 1179; x_wconf 81' lang='lat' dir='ltr'>granulosus</span> <span class='ocrx_word' id='word_1_12' title='bbox 757 1094 782 1151; x_wconf 91' lang='lat' dir='ltr'>a</span> <span class='ocrx_word' id='word_1_13' title='bbox 812 1068 1099 1153; x_wconf 82' lang='lat' dir='ltr'><strong>membranula</strong></span> <span class='ocrx_word' id='word_1_14' title='bbox 1128 1065 1295 1152; x_wconf 86' lang='lat' dir='ltr'>vesicae</span> <span class='ocrx_word' id='word_1_15' title='bbox 1324 1080 1502 1152; x_wconf 72' lang='lat' dir='ltr'>emerua</span> <span class='ocrx_word' id='word_1_16' title='bbox 1531 1065 1786 1178; x_wconf 76' lang='lat' dir='ltr'>pedetentim</span> <span class='ocrx_word' id='word_1_17' title='bbox 1809 1064 1969 1151; x_wconf 87' lang='lat' dir='ltr'>recedit</span> <span class='ocrx_word' id='word_1_18' title='bbox 2005 1081 2049 1152; x_wconf 93' lang='lat' dir='ltr'>et</span> <span class='ocrx_word' id='word_1_19' title='bbox 2072 1062 2305 1168; x_wconf 86' lang='lat' dir='ltr'>collabitur,</span> 
     </span>
     <span class='ocr_line' id='line_1_4' title="bbox 479 1206 2306 1320; baseline -0.003 -23"><span class='ocrx_word' id='word_1_20' title='bbox 479 1209 517 1297; x_wconf 88' lang='lat' dir='ltr'>si</span> <span class='ocrx_word' id='word_1_21' title='bbox 545 1209 729 1299; x_wconf 75' lang='lat' dir='ltr'>vesicula</span> <span class='ocrx_word' id='word_1_22' title='bbox 753 1236 888 1320; x_wconf 82' lang='lat' dir='ltr'>aquae</span> <span class='ocrx_word' id='word_1_23' title='bbox 911 1213 1126 1298; x_wconf 89' lang='lat' dir='ltr'>submersa</span> <span class='ocrx_word' id='word_1_24' title='bbox 1152 1225 1237 1313; x_wconf 85' lang='lat' dir='ltr'>est;</span> <span class='ocrx_word' id='word_1_25' title='bbox 1279 1209 1335 1295; x_wconf 91' lang='lat' dir='ltr'>de</span> <span class='ocrx_word' id='word_1_26' title='bbox 1369 1235 1453 1318; x_wconf 88' lang='lat' dir='ltr'>quo</span> <span class='ocrx_word' id='word_1_27' title='bbox 1476 1207 1587 1296; x_wconf 83' lang='lat' dir='ltr'>ocul.</span> <span class='ocrx_word' id='word_1_28' title='bbox 1619 1207 1813 1320; x_wconf 81' lang='lat' dir='ltr'>Figurcs</span> <span class='ocrx_word' id='word_1_29' title='bbox 1841 1207 2004 1293; x_wconf 82' lang='lat' dir='ltr'><em>XVII.</em></span> <span class='ocrx_word' id='word_1_30' title='bbox 2029 1224 2073 1296; x_wconf 89' lang='lat' dir='ltr'>et</span> <span class='ocrx_word' id='word_1_31' title='bbox 2094 1206 2306 1306; x_wconf 76' lang='lat' dir='ltr'><em>XVIII„</em></span> 
     </span>
     <span class='ocr_line' id='line_1_5' title="bbox 481 1351 900 1440; baseline 0.002 -3"><span class='ocrx_word' id='word_1_32' title='bbox 481 1351 624 1437; x_wconf 84' lang='lat' dir='ltr'><strong><em>XXI.</em></strong></span> <span class='ocrx_word' id='word_1_33' title='bbox 655 1369 699 1438; x_wconf 92' lang='lat' dir='ltr'>et</span> <span class='ocrx_word' id='word_1_34' title='bbox 727 1353 900 1440; x_wconf 85' lang='lat' dir='ltr'><strong><em>XXII.</em></strong></span> 
     </span>
    </p>

    <p class='ocr_par' dir='ltr' id='par_1_3' title="bbox 480 1473 2321 3182">
     <span class='ocr_line' id='line_1_6' title="bbox 632 1473 2306 1606; baseline -0.001 -24"><span class='ocrx_word' id='word_1_35' title='bbox 632 1497 684 1582; x_wconf 90' lang='lat' dir='ltr'>ln</span> <span class='ocrx_word' id='word_1_36' title='bbox 714 1497 907 1584; x_wconf 78' lang='lat' dir='ltr'>omuibus</span> <span class='ocrx_word' id='word_1_37' title='bbox 936 1494 1211 1599; x_wconf 78' lang='lat' dir='ltr'>animalibus,</span> <span class='ocrx_word' id='word_1_38' title='bbox 1240 1494 1286 1580; x_wconf 91' lang='lat' dir='ltr'>ni</span> <span class='ocrx_word' id='word_1_39' title='bbox 1314 1493 1465 1600; x_wconf 84' lang='lat' dir='ltr'>fallor,</span> <span class='ocrx_word' id='word_1_40' title='bbox 1508 1473 1689 1582; x_wconf 55' lang='lat' dir='ltr'>vascula</span> <span class='ocrx_word' id='word_1_41' title='bbox 1720 1522 1746 1580; x_wconf 91' lang='lat' dir='ltr'>a</span> <span class='ocrx_word' id='word_1_42' title='bbox 1774 1492 1914 1580; x_wconf 91' lang='lat' dir='ltr'>medio</span> <span class='ocrx_word' id='word_1_43' title='bbox 1944 1495 1997 1579; x_wconf 90' lang='lat' dir='ltr'>ad</span> <span class='ocrx_word' id='word_1_44' title='bbox 2028 1491 2306 1606; x_wconf 83' lang='lat' dir='ltr'>peripheriom</span> 
     </span>
     <span class='ocr_line' id='line_1_7' title="bbox 481 1635 2308 1756; baseline -0.002 -31"><span class='ocrx_word' id='word_1_45' title='bbox 481 1636 666 1742; x_wconf 82' lang='lat' dir='ltr'>recedit,</span> <span class='ocrx_word' id='word_1_46' title='bbox 696 1666 906 1747; x_wconf 88' lang='lat' dir='ltr'>quaeres</span> <span class='ocrx_word' id='word_1_47' title='bbox 935 1638 1237 1734; x_wconf 86' lang='lat' dir='ltr'>iubatrachiis</span> <span class='ocrx_word' id='word_1_48' title='bbox 1278 1637 1434 1756; x_wconf 89' lang='lat' dir='ltr'>optime</span> <span class='ocrx_word' id='word_1_49' title='bbox 1471 1642 1730 1724; x_wconf 88' lang='lat' dir='ltr'>observatur.</span> <span class='ocrx_word' id='word_1_50' title='bbox 1801 1638 1852 1722; x_wconf 93' lang='lat' dir='ltr'>ln</span> <span class='ocrx_word' id='word_1_51' title='bbox 1887 1635 2002 1722; x_wconf 87' lang='lat' dir='ltr'>ranis</span> <span class='ocrx_word' id='word_1_52' title='bbox 2038 1635 2151 1723; x_wconf 87' lang='lat' dir='ltr'>enim</span> <span class='ocrx_word' id='word_1_53' title='bbox 2185 1635 2308 1722; x_wconf 85' lang='lat' dir='ltr'>buso-</span> 
     </span>
     <span class='ocr_line' id='line_1_8' title="bbox 480 1778 2309 1896; baseline -0.001 -30"><span class='ocrx_word' id='word_1_54' title='bbox 480 1780 631 1885; x_wconf 80' lang='lat' dir='ltr'>ndrus,</span> <span class='ocrx_word' id='word_1_55' title='bbox 667 1782 943 1868; x_wconf 78' lang='lat' dir='ltr'>salamandris</span> <span class='ocrx_word' id='word_1_56' title='bbox 983 1782 1265 1896; x_wconf 88' lang='lat' dir='ltr'>compluribus</span> <span class='ocrx_word' id='word_1_57' title='bbox 1305 1782 1533 1868; x_wconf 81' lang='lat' dir='ltr'>vesiculam</span> <span class='ocrx_word' id='word_1_58' title='bbox 1561 1781 1608 1867; x_wconf 91' lang='lat' dir='ltr'>iu</span> <span class='ocrx_word' id='word_1_59' title='bbox 1637 1780 1726 1868; x_wconf 89' lang='lat' dir='ltr'>ovis</span> <span class='ocrx_word' id='word_1_60' title='bbox 1754 1778 1984 1868; x_wconf 86' lang='lat' dir='ltr'>immaturis</span> <span class='ocrx_word' id='word_1_61' title='bbox 2014 1781 2309 1866; x_wconf 79' lang='lat' dir='ltr'>emembrem</span> 
     </span>
     <span class='ocr_line' id='line_1_9' title="bbox 480 1920 2308 2038; baseline -0.001 -29"><span class='ocrx_word' id='word_1_62' title='bbox 480 1922 614 2029; x_wconf 85' lang='lat' dir='ltr'>vitelli</span> <span class='ocrx_word' id='word_1_63' title='bbox 654 1925 757 2011; x_wconf 86' lang='lat' dir='ltr'>satis</span> <span class='ocrx_word' id='word_1_64' title='bbox 798 1924 1021 2012; x_wconf 89' lang='lat' dir='ltr'>distantem</span> <span class='ocrx_word' id='word_1_65' title='bbox 1061 1925 1218 2011; x_wconf 89' lang='lat' dir='ltr'>iuveni.</span> <span class='ocrx_word' id='word_1_66' title='bbox 1288 1925 1490 2032; x_wconf 82' lang='lat' dir='ltr'>idemque</span> <span class='ocrx_word' id='word_1_67' title='bbox 1531 1925 1585 2010; x_wconf 91' lang='lat' dir='ltr'>de</span> <span class='ocrx_word' id='word_1_68' title='bbox 1626 1925 1774 2010; x_wconf 89' lang='lat' dir='ltr'>avibus</span> <span class='ocrx_word' id='word_1_69' title='bbox 1812 1923 1899 2038; x_wconf 89' lang='lat' dir='ltr'>jam</span> <span class='ocrx_word' id='word_1_70' title='bbox 1928 1920 2076 2028; x_wconf 90' lang='lat' dir='ltr'>docui,</span> <span class='ocrx_word' id='word_1_71' title='bbox 2106 1920 2178 2008; x_wconf 91' lang='lat' dir='ltr'>ubi</span> <span class='ocrx_word' id='word_1_72' title='bbox 2206 1945 2308 2008; x_wconf 87' lang='lat' dir='ltr'>vero</span> 
     </span>
     <span class='ocr_line' id='line_1_10' title="bbox 481 2061 2321 2190; baseline -0.003 -37"><span class='ocrx_word' id='word_1_73' title='bbox 481 2070 613 2154; x_wconf 90' lang='lat' dir='ltr'>multo</span> <span class='ocrx_word' id='word_1_74' title='bbox 642 2067 763 2156; x_wconf 75' lang='lat' dir='ltr'>citius</span> <span class='ocrx_word' id='word_1_75' title='bbox 790 2067 836 2153; x_wconf 90' lang='lat' dir='ltr'>in</span> <span class='ocrx_word' id='word_1_76' title='bbox 865 2067 1086 2180; x_wconf 88' lang='lat' dir='ltr'>superficie</span> <span class='ocrx_word' id='word_1_77' title='bbox 1114 2083 1303 2179; x_wconf 84' lang='lat' dir='ltr'>apparet.</span> <span class='ocrx_word' id='word_1_78' title='bbox 1363 2065 1532 2153; x_wconf 85' lang='lat' dir='ltr'>Diutius</span> <span class='ocrx_word' id='word_1_79' title='bbox 1558 2067 1606 2152; x_wconf 89' lang='lat' dir='ltr'>iu</span> <span class='ocrx_word' id='word_1_80' title='bbox 1647 2066 1816 2153; x_wconf 87' lang='lat' dir='ltr'>lacertis</span> <span class='ocrx_word' id='word_1_81' title='bbox 1844 2081 2058 2169; x_wconf 88' lang='lat' dir='ltr'>remanet,</span> <span class='ocrx_word' id='word_1_82' title='bbox 2099 2064 2160 2150; x_wconf 90' lang='lat' dir='ltr'>ita</span> <span class='ocrx_word' id='word_1_83' title='bbox 2188 2078 2235 2148; x_wconf 89' lang='lat' dir='ltr'>ut</span> <span class='ocrx_word' id='word_1_84' title='bbox 2262 2061 2321 2190; x_wconf 36' lang='lat' dir='ltr'>iu·</span> 
     </span>
     <span class='ocr_line' id='line_1_11' title="bbox 482 2203 2308 2327; baseline -0.004 -29"><span class='ocrx_word' id='word_1_85' title='bbox 482 2210 574 2298; x_wconf 86' lang='lat' dir='ltr'>ovis</span> <span class='ocrx_word' id='word_1_86' title='bbox 598 2210 688 2327; x_wconf 89' lang='lat' dir='ltr'>jam</span> <span class='ocrx_word' id='word_1_87' title='bbox 718 2213 875 2296; x_wconf 90' lang='lat' dir='ltr'>dudum</span> <span class='ocrx_word' id='word_1_88' title='bbox 904 2211 1027 2298; x_wconf 89' lang='lat' dir='ltr'>luteis</span> <span class='ocrx_word' id='word_1_89' title='bbox 1050 2226 1249 2324; x_wconf 86' lang='lat' dir='ltr'>puuctum</span> <span class='ocrx_word' id='word_1_90' title='bbox 1274 2210 1527 2323; x_wconf 88' lang='lat' dir='ltr'>pellucidum</span> <span class='ocrx_word' id='word_1_91' title='bbox 1558 2209 1766 2325; x_wconf 87' lang='lat' dir='ltr'>(vesicula</span> <span class='ocrx_word' id='word_1_92' title='bbox 1800 2203 1979 2320; x_wconf 88' lang='lat' dir='ltr'>scilicet)</span> <span class='ocrx_word' id='word_1_93' title='bbox 2009 2234 2095 2295; x_wconf 87' lang='lat' dir='ltr'>non</span> <span class='ocrx_word' id='word_1_94' title='bbox 2118 2205 2308 2294; x_wconf 86' lang='lat' dir='ltr'>animad-</span> 
     </span>
     <span class='ocr_line' id='line_1_12' title="bbox 483 2347 2309 2463; baseline -0.002 -25"><span class='ocrx_word' id='word_1_95' title='bbox 483 2367 683 2440; x_wconf 90' lang='lat' dir='ltr'>vertatur.</span> <span class='ocrx_word' id='word_1_96' title='bbox 751 2353 880 2440; x_wconf 86' lang='lat' dir='ltr'>Talia</span> <span class='ocrx_word' id='word_1_97' title='bbox 920 2380 1003 2442; x_wconf 92' lang='lat' dir='ltr'>ova</span> <span class='ocrx_word' id='word_1_98' title='bbox 1044 2357 1122 2442; x_wconf 88' lang='lat' dir='ltr'>sub</span> <span class='ocrx_word' id='word_1_99' title='bbox 1164 2381 1273 2462; x_wconf 83' lang='lat' dir='ltr'>aqua</span> <span class='ocrx_word' id='word_1_100' title='bbox 1315 2381 1411 2440; x_wconf 90' lang='lat' dir='ltr'>cum</span> <span class='ocrx_word' id='word_1_101' title='bbox 1446 2369 1568 2440; x_wconf 87' lang='lat' dir='ltr'>caute</span> <span class='ocrx_word' id='word_1_102' title='bbox 1609 2369 1824 2456; x_wconf 77' lang='lat' dir='ltr'>cecanum,</span> <span class='ocrx_word' id='word_1_103' title='bbox 1867 2350 2059 2438; x_wconf 67' lang='lat' dir='ltr'>duducte</span> <span class='ocrx_word' id='word_1_104' title='bbox 2082 2347 2309 2463; x_wconf 26' lang='lat' dir='ltr'>‚invenitur</span> 
     </span>
     <span class='ocr_line' id='line_1_13' title="bbox 483 2493 2310 2614; baseline -0.003 -30"><span class='ocrx_word' id='word_1_105' title='bbox 483 2511 657 2584; x_wconf 70' lang='lat' dir='ltr'>suatum</span> <span class='ocrx_word' id='word_1_106' title='bbox 685 2496 996 2602; x_wconf 85' lang='lat' dir='ltr'>vitelliuarium,</span> <span class='ocrx_word' id='word_1_107' title='bbox 1027 2497 1095 2582; x_wconf 90' lang='lat' dir='ltr'>oui</span> <span class='ocrx_word' id='word_1_108' title='bbox 1130 2496 1318 2582; x_wconf 67' lang='lat' dir='ltr'>arricum</span> <span class='ocrx_word' id='word_1_109' title='bbox 1345 2495 1549 2611; x_wconf 65' lang='lat' dir='ltr'>marest</span> <span class='ocrx_word' id='word_1_110' title='bbox 1577 2497 1665 2614; x_wconf 87' lang='lat' dir='ltr'>jam</span> <span class='ocrx_word' id='word_1_111' title='bbox 1694 2495 1883 2583; x_wconf 86' lang='lat' dir='ltr'>interiori</span> <span class='ocrx_word' id='word_1_112' title='bbox 1921 2495 2046 2583; x_wconf 87' lang='lat' dir='ltr'>lateri</span> <span class='ocrx_word' id='word_1_113' title='bbox 2086 2493 2189 2580; x_wconf 82' lang='lat' dir='ltr'>facit</span> <span class='ocrx_word' id='word_1_114' title='bbox 2228 2493 2310 2607; x_wconf 53' lang='lat' dir='ltr'>imf</span> 
     </span>
     <span class='ocr_line' id='line_1_14' title="bbox 483 2637 2309 2755; baseline -0.003 -29"><span class='ocrx_word' id='word_1_115' title='bbox 483 2639 740 2751; x_wconf 84' lang='lat' dir='ltr'>pressionem</span> <span class='ocrx_word' id='word_1_116' title='bbox 773 2639 899 2755; x_wconf 81' lang='lat' dir='ltr'>(Fig.</span> <span class='ocrx_word' id='word_1_117' title='bbox 929 2637 1114 2751; x_wconf 67' lang='lat' dir='ltr'><em>XIX).</em></span> <span class='ocrx_word' id='word_1_118' title='bbox 1174 2642 1329 2728; x_wconf 82' lang='lat' dir='ltr'>Postea</span> <span class='ocrx_word' id='word_1_119' title='bbox 1359 2644 1437 2726; x_wconf 89' lang='lat' dir='ltr'>sub</span> <span class='ocrx_word' id='word_1_120' title='bbox 1467 2642 1710 2726; x_wconf 86' lang='lat' dir='ltr'>membrana</span> <span class='ocrx_word' id='word_1_121' title='bbox 1739 2637 1871 2724; x_wconf 88' lang='lat' dir='ltr'>vitelli</span> <span class='ocrx_word' id='word_1_122' title='bbox 1895 2637 2020 2754; x_wconf 86' lang='lat' dir='ltr'>jacet,</span> <span class='ocrx_word' id='word_1_123' title='bbox 2050 2652 2181 2724; x_wconf 90' lang='lat' dir='ltr'>strato</span> <span class='ocrx_word' id='word_1_124' title='bbox 2211 2661 2309 2748; x_wconf 82' lang='lat' dir='ltr'>gra-</span> 
     </span>
     <span class='ocr_line' id='line_1_15' title="bbox 485 2777 2310 2894; baseline -0.001 -26"><span class='ocrx_word' id='word_1_125' title='bbox 485 2784 634 2870; x_wconf 88' lang='lat' dir='ltr'>nuloso</span> <span class='ocrx_word' id='word_1_126' title='bbox 662 2781 904 2894; x_wconf 63' lang='lat' dir='ltr'>perforato,</span> <span class='ocrx_word' id='word_1_127' title='bbox 934 2784 1047 2891; x_wconf 87' lang='lat' dir='ltr'>quod</span> <span class='ocrx_word' id='word_1_128' title='bbox 1076 2785 1171 2870; x_wconf 90' lang='lat' dir='ltr'>luce</span> <span class='ocrx_word' id='word_1_129' title='bbox 1200 2782 1354 2870; x_wconf 76' lang='lat' dir='ltr'>elarius</span> <span class='ocrx_word' id='word_1_130' title='bbox 1384 2782 1468 2868; x_wconf 92' lang='lat' dir='ltr'>vidi</span> <span class='ocrx_word' id='word_1_131' title='bbox 1496 2782 1542 2869; x_wconf 87' lang='lat' dir='ltr'>in</span> <span class='ocrx_word' id='word_1_132' title='bbox 1581 2809 1780 2868; x_wconf 82' lang='lat' dir='ltr'>ranamtm</span> <span class='ocrx_word' id='word_1_133' title='bbox 1808 2780 1923 2886; x_wconf 92' lang='lat' dir='ltr'>ovis,</span> <span class='ocrx_word' id='word_1_134' title='bbox 1964 2779 2037 2866; x_wconf 91' lang='lat' dir='ltr'>ubi</span> <span class='ocrx_word' id='word_1_135' title='bbox 2078 2781 2162 2865; x_wconf 90' lang='lat' dir='ltr'>imo</span> <span class='ocrx_word' id='word_1_136' title='bbox 2197 2777 2310 2866; x_wconf 86' lang='lat' dir='ltr'>vesi-</span> 
     </span>
     <span class='ocr_line' id='line_1_16' title="bbox 485 2922 2309 3038; baseline -0.001 -28"><span class='ocrx_word' id='word_1_137' title='bbox 485 2929 582 3012; x_wconf 85' lang='lat' dir='ltr'>cula</span> <span class='ocrx_word' id='word_1_138' title='bbox 608 2953 759 3038; x_wconf 83' lang='lat' dir='ltr'>magna</span> <span class='ocrx_word' id='word_1_139' title='bbox 788 2929 1073 3013; x_wconf 87' lang='lat' dir='ltr'>membranam</span> <span class='ocrx_word' id='word_1_140' title='bbox 1101 2925 1238 3012; x_wconf 85' lang='lat' dir='ltr'>vitelli</span> <span class='ocrx_word' id='word_1_141' title='bbox 1263 2926 1309 3010; x_wconf 90' lang='lat' dir='ltr'>iu</span> <span class='ocrx_word' id='word_1_142' title='bbox 1337 2927 1574 3014; x_wconf 81' lang='lat' dir='ltr'>colliculum</span> <span class='ocrx_word' id='word_1_143' title='bbox 1599 2928 1749 3014; x_wconf 86' lang='lat' dir='ltr'>elevat.</span> <span class='ocrx_word' id='word_1_144' title='bbox 1808 2927 1932 3011; x_wconf 88' lang='lat' dir='ltr'>Haud</span> <span class='ocrx_word' id='word_1_145' title='bbox 1956 2922 2092 3010; x_wconf 86' lang='lat' dir='ltr'>minus</span> <span class='ocrx_word' id='word_1_146' title='bbox 2117 2923 2162 3009; x_wconf 94' lang='lat' dir='ltr'>in</span> <span class='ocrx_word' id='word_1_147' title='bbox 2186 2923 2309 3008; x_wconf 86' lang='lat' dir='ltr'>Ano·</span> 
     </span>
     <span class='ocr_line' id='line_1_17' title="bbox 486 3066 1852 3182; baseline -0.002 -28"><span class='ocrx_word' id='word_1_148' title='bbox 486 3069 625 3156; x_wconf 91' lang='lat' dir='ltr'>dontis</span> <span class='ocrx_word' id='word_1_149' title='bbox 654 3069 878 3156; x_wconf 85' lang='lat' dir='ltr'>vesiculam</span> <span class='ocrx_word' id='word_1_150' title='bbox 908 3097 1002 3155; x_wconf 90' lang='lat' dir='ltr'>cum</span> <span class='ocrx_word' id='word_1_151' title='bbox 1030 3070 1197 3156; x_wconf 74' lang='lat' dir='ltr'>umido</span> <span class='ocrx_word' id='word_1_152' title='bbox 1227 3094 1252 3154; x_wconf 93' lang='lat' dir='ltr'>e</span> <span class='ocrx_word' id='word_1_153' title='bbox 1280 3067 1425 3158; x_wconf 90' lang='lat' dir='ltr'>vitello</span> <span class='ocrx_word' id='word_1_154' title='bbox 1452 3073 1724 3182; x_wconf 78' lang='lat' dir='ltr'>protuberans</span> <span class='ocrx_word' id='word_1_155' title='bbox 1753 3066 1852 3152; x_wconf 92' lang='lat' dir='ltr'>vidi.</span> 
     </span>
    </p>

    <p class='ocr_par' dir='ltr' id='par_1_4' title="bbox 487 3209 2312 3754">
     <span class='ocr_line' id='line_1_18' title="bbox 638 3209 2310 3329; baseline -0.003 -31"><span class='ocrx_word' id='word_1_156' title='bbox 638 3213 688 3298; x_wconf 89' lang='lat' dir='ltr'>ln</span> <span class='ocrx_word' id='word_1_157' title='bbox 730 3211 819 3298; x_wconf 90' lang='lat' dir='ltr'>ovis</span> <span class='ocrx_word' id='word_1_158' title='bbox 854 3229 978 3324; x_wconf 88' lang='lat' dir='ltr'>partu</span> <span class='ocrx_word' id='word_1_159' title='bbox 1007 3211 1096 3329; x_wconf 87' lang='lat' dir='ltr'>jam</span> <span class='ocrx_word' id='word_1_160' title='bbox 1132 3210 1257 3298; x_wconf 89' lang='lat' dir='ltr'>editis</span> <span class='ocrx_word' id='word_1_161' title='bbox 1284 3219 1498 3321; x_wconf 82' lang='lat' dir='ltr'>nunquam</span> <span class='ocrx_word' id='word_1_162' title='bbox 1526 3209 1666 3298; x_wconf 89' lang='lat' dir='ltr'>inveni</span> <span class='ocrx_word' id='word_1_163' title='bbox 1695 3211 1934 3296; x_wconf 87' lang='lat' dir='ltr'>vesiculam.</span> <span class='ocrx_word' id='word_1_164' title='bbox 1996 3209 2012 3324; x_wconf 82' lang='grc'>(</span> <span class='ocrx_word' id='word_1_165' title='bbox 2017 3209 2202 3296; x_wconf 90' lang='lat' dir='ltr'>Piscium</span> <span class='ocrx_word' id='word_1_166' title='bbox 2231 3233 2310 3295; x_wconf 91' lang='lat' dir='ltr'>ova</span> 
     </span>
     <span class='ocr_line' id='line_1_19' title="bbox 487 3349 2310 3468; baseline -0.002 -29"><span class='ocrx_word' id='word_1_167' title='bbox 487 3369 609 3468; x_wconf 85' lang='lat' dir='ltr'>parta</span> <span class='ocrx_word' id='word_1_168' title='bbox 637 3354 880 3442; x_wconf 87' lang='lat' dir='ltr'>examinare</span> <span class='ocrx_word' id='word_1_169' title='bbox 910 3356 1123 3465; x_wconf 78' lang='lat' dir='ltr'>huuuquc</span> <span class='ocrx_word' id='word_1_170' title='bbox 1153 3357 1296 3454; x_wconf 87' lang='lat' dir='ltr'>datum</span> <span class='ocrx_word' id='word_1_171' title='bbox 1324 3379 1413 3442; x_wconf 89' lang='lat' dir='ltr'>nou</span> <span class='ocrx_word' id='word_1_172' title='bbox 1440 3354 1542 3465; x_wconf 84' lang='lat' dir='ltr'>est).</span> <span class='ocrx_word' id='word_1_173' title='bbox 1608 3357 1702 3443; x_wconf 86' lang='lat' dir='ltr'>lam</span> <span class='ocrx_word' id='word_1_174' title='bbox 1735 3352 1781 3438; x_wconf 93' lang='lat' dir='ltr'>in</span> <span class='ocrx_word' id='word_1_175' title='bbox 1810 3352 2004 3441; x_wconf 89' lang='lat' dir='ltr'>oviduotu</span> <span class='ocrx_word' id='word_1_176' title='bbox 2032 3379 2117 3437; x_wconf 90' lang='lat' dir='ltr'>non</span> <span class='ocrx_word' id='word_1_177' title='bbox 2145 3349 2310 3437; x_wconf 88' lang='lat' dir='ltr'>inveni-</span> 
     </span>
     <span class='ocr_line' id='line_1_20' title="bbox 487 3473 2312 3609; baseline -0.001 -27"><span class='ocrx_word' id='word_1_178' title='bbox 487 3513 569 3582; x_wconf 87' lang='lat' dir='ltr'>tur.</span> <span class='ocrx_word' id='word_1_179' title='bbox 628 3497 910 3586; x_wconf 86' lang='lat' dir='ltr'>Nihilominus</span> <span class='ocrx_word' id='word_1_180' title='bbox 939 3525 1035 3584; x_wconf 89' lang='lat' dir='ltr'>cum</span> <span class='ocrx_word' id='word_1_181' title='bbox 1060 3499 1311 3586; x_wconf 72' lang='lat' dir='ltr'>Pontum</span> <span class='ocrx_word' id='word_1_182' title='bbox 1337 3523 1428 3584; x_wconf 87' lang='lat' dir='ltr'>uon</span> <span class='ocrx_word' id='word_1_183' title='bbox 1455 3496 1578 3602; x_wconf 77' lang='lat' dir='ltr'>facio,</span> <span class='ocrx_word' id='word_1_184' title='bbox 1608 3495 1680 3606; x_wconf 89' lang='lat' dir='ltr'>qui</span> <span class='ocrx_word' id='word_1_185' title='bbox 1708 3473 1927 3584; x_wconf 75' lang='grc' dir='ltr'>ονίνίοοῐοοΙ</span> <span class='ocrx_word' id='word_1_186' title='bbox 1956 3494 2171 3609; x_wconf 82' lang='lat' dir='ltr'>pressione</span> <span class='ocrx_word' id='word_1_187' title='bbox 2199 3493 2312 3580; x_wconf 91' lang='lat' dir='ltr'>vesi·</span> 
     </span>
     <span class='ocr_line' id='line_1_21' title="bbox 487 3635 2311 3754; baseline -0.001 -28"><span class='ocrx_word' id='word_1_188' title='bbox 487 3641 625 3726; x_wconf 88' lang='lat' dir='ltr'>culam</span> <span class='ocrx_word' id='word_1_189' title='bbox 660 3639 862 3754; x_wconf 83' lang='lat' dir='ltr'>disrumpi</span> <span class='ocrx_word' id='word_1_190' title='bbox 902 3640 1049 3728; x_wconf 90' lang='lat' dir='ltr'>eredit.</span> <span class='ocrx_word' id='word_1_191' title='bbox 1108 3639 1254 3730; x_wconf 84' lang='lat' dir='ltr'>Semel</span> <span class='ocrx_word' id='word_1_192' title='bbox 1290 3639 1402 3728; x_wconf 87' lang='lat' dir='ltr'>enim</span> <span class='ocrx_word' id='word_1_193' title='bbox 1429 3640 1475 3727; x_wconf 88' lang='lat' dir='ltr'>iu</span> <span class='ocrx_word' id='word_1_194' title='bbox 1504 3667 1585 3728; x_wconf 90' lang='lat' dir='ltr'>ovo</span> <span class='ocrx_word' id='word_1_195' title='bbox 1621 3640 1851 3752; x_wconf 83' lang='lat' dir='ltr'>galb’naceo</span> <span class='ocrx_word' id='word_1_196' title='bbox 1887 3654 2065 3744; x_wconf 80' lang='lat' dir='ltr'>manno,</span> <span class='ocrx_word' id='word_1_197' title='bbox 2093 3639 2141 3724; x_wconf 92' lang='lat' dir='ltr'>iu</span> <span class='ocrx_word' id='word_1_198' title='bbox 2169 3635 2311 3725; x_wconf 75' lang='lat' dir='ltr'>ovatio</span> 
     </span>
    </p>
   </div>
   <div class='ocr_carea' id='block_1_3' title="bbox 488 3781 2439 3900">
    <p class='ocr_par' dir='ltr' id='par_1_5' title="bbox 488 3781 2439 3900">
     <span class='ocr_line' id='line_1_22' title="bbox 488 3781 2439 3900; baseline 0.001 -33"><span class='ocrx_word' id='word_1_199' title='bbox 488 3781 658 3891; x_wconf 81' lang='lat' dir='ltr'>quidem</span> <span class='ocrx_word' id='word_1_200' title='bbox 696 3797 861 3872; x_wconf 88' lang='lat' dir='ltr'>retento</span> <span class='ocrx_word' id='word_1_201' title='bbox 896 3787 970 3872; x_wconf 89' lang='lat' dir='ltr'>sed</span> <span class='ocrx_word' id='word_1_202' title='bbox 1006 3785 1061 3870; x_wconf 87' lang='lat' dir='ltr'>ad</span> <span class='ocrx_word' id='word_1_203' title='bbox 1092 3783 1337 3900; x_wconf 86' lang='lat' dir='ltr'>ejectionem</span> <span class='ocrx_word' id='word_1_204' title='bbox 1365 3800 1533 3896; x_wconf 85' lang='lat' dir='ltr'>parato,</span> <span class='ocrx_word' id='word_1_205' title='bbox 1564 3782 1788 3870; x_wconf 74' lang='lat' dir='ltr'>ves&#39;culam</span> <span class='ocrx_word' id='word_1_206' title='bbox 1822 3809 1910 3870; x_wconf 90' lang='lat' dir='ltr'>uon</span> <span class='ocrx_word' id='word_1_207' title='bbox 1944 3781 2099 3868; x_wconf 87' lang='lat' dir='ltr'>inveni.</span> <span class='ocrx_word' id='word_1_208' title='bbox 2172 3781 2312 3892; x_wconf 82' lang='lat' dir='ltr'>Quam</span> <span class='ocrx_word' id='word_1_209' title='bbox 2434 3847 2439 3858; x_wconf 89' lang='lat'><strong><em>.</em></strong></span> 
     </span>
    </p>
   </div>
   <div class='ocr_carea' id='block_1_4' title="bbox 414 3923 2313 4752">
    <p class='ocr_par' dir='ltr' id='par_1_6' title="bbox 414 3923 2313 4752">
     <span class='ocr_line' id='line_1_23' title="bbox 490 3923 2311 4046; baseline -0.001 -38"><span class='ocrx_word' id='word_1_210' title='bbox 490 3923 655 4046; x_wconf 88' lang='lat' dir='ltr'>unicam</span> <span class='ocrx_word' id='word_1_211' title='bbox 691 3926 1024 4012; x_wconf 85' lang='lat' dir='ltr'>observationem</span> <span class='ocrx_word' id='word_1_212' title='bbox 1058 3928 1179 4012; x_wconf 89' lang='lat' dir='ltr'>multi</span> <span class='ocrx_word' id='word_1_213' title='bbox 1213 3953 1301 4014; x_wconf 91' lang='lat' dir='ltr'>non</span> <span class='ocrx_word' id='word_1_214' title='bbox 1341 3926 1470 4032; x_wconf 83' lang='lat' dir='ltr'>facio,</span> <span class='ocrx_word' id='word_1_215' title='bbox 1519 3954 1616 4012; x_wconf 91' lang='lat' dir='ltr'>oum</span> <span class='ocrx_word' id='word_1_216' title='bbox 1655 3925 1896 4012; x_wconf 82' lang='lat' dir='ltr'>facillimum</span> <span class='ocrx_word' id='word_1_217' title='bbox 1940 3924 1995 4011; x_wconf 87' lang='lat' dir='ltr'>sit</span> <span class='ocrx_word' id='word_1_218' title='bbox 2037 3924 2082 4009; x_wconf 89' lang='lat' dir='ltr'>in</span> <span class='ocrx_word' id='word_1_219' title='bbox 2120 3949 2311 4010; x_wconf 66' lang='lat' dir='ltr'>errorem</span> 
     </span>
     <span class='ocr_line' id='line_1_24' title="bbox 489 4064 2312 4184; baseline 0 -32"><span class='ocrx_word' id='word_1_220' title='bbox 489 4066 590 4154; x_wconf 88' lang='lat' dir='ltr'>labi.</span> <span class='ocrx_word' id='word_1_221' title='bbox 649 4067 827 4184; x_wconf 77' lang='lat' dir='ltr'>Maioris</span> <span class='ocrx_word' id='word_1_222' title='bbox 855 4067 959 4156; x_wconf 88' lang='lat' dir='ltr'>mibi</span> <span class='ocrx_word' id='word_1_223' title='bbox 987 4067 1153 4156; x_wconf 83' lang='lat' dir='ltr'>videtur</span> <span class='ocrx_word' id='word_1_224' title='bbox 1182 4068 1406 4173; x_wconf 88' lang='lat' dir='ltr'>momenti,</span> <span class='ocrx_word' id='word_1_225' title='bbox 1436 4071 1550 4180; x_wconf 89' lang='lat' dir='ltr'>quod</span> <span class='ocrx_word' id='word_1_226' title='bbox 1578 4068 1623 4155; x_wconf 93' lang='lat' dir='ltr'>in</span> <span class='ocrx_word' id='word_1_227' title='bbox 1650 4068 1807 4156; x_wconf 87' lang='lat' dir='ltr'>teneris</span> <span class='ocrx_word' id='word_1_228' title='bbox 1835 4080 2076 4180; x_wconf 87' lang='lat' dir='ltr'>serpentum</span> <span class='ocrx_word' id='word_1_229' title='bbox 2104 4064 2312 4153; x_wconf 90' lang='lat' dir='ltr'>oviduoti·</span> 
     </span>
     <span class='ocr_line' id='line_1_25' title="bbox 490 4210 2312 4322; baseline -0.001 -27"><span class='ocrx_word' id='word_1_230' title='bbox 490 4215 569 4296; x_wconf 89' lang='lat' dir='ltr'>bus</span> <span class='ocrx_word' id='word_1_231' title='bbox 598 4237 677 4297; x_wconf 90' lang='lat' dir='ltr'>ova</span> <span class='ocrx_word' id='word_1_232' title='bbox 706 4238 793 4299; x_wconf 91' lang='lat' dir='ltr'>non</span> <span class='ocrx_word' id='word_1_233' title='bbox 820 4210 957 4300; x_wconf 84' lang='lat' dir='ltr'>minus</span> <span class='ocrx_word' id='word_1_234' title='bbox 986 4212 1172 4300; x_wconf 81' lang='lat' dir='ltr'>vesiotda</span> <span class='ocrx_word' id='word_1_235' title='bbox 1205 4239 1351 4300; x_wconf 86' lang='lat' dir='ltr'>carere</span> <span class='ocrx_word' id='word_1_236' title='bbox 1385 4211 1476 4300; x_wconf 86' lang='lat' dir='ltr'>visa</span> <span class='ocrx_word' id='word_1_237' title='bbox 1512 4211 1615 4318; x_wconf 85' lang='lat' dir='ltr'>sint,</span> <span class='ocrx_word' id='word_1_238' title='bbox 1645 4227 1689 4298; x_wconf 95' lang='lat' dir='ltr'>et</span> <span class='ocrx_word' id='word_1_239' title='bbox 1717 4213 1829 4321; x_wconf 85' lang='lat' dir='ltr'>quod</span> <span class='ocrx_word' id='word_1_240' title='bbox 1859 4210 2086 4296; x_wconf 89' lang='lat' dir='ltr'>vesiculam</span> <span class='ocrx_word' id='word_1_241' title='bbox 2113 4211 2312 4322; x_wconf 89' lang='lat' dir='ltr'>protube-</span> 
     </span>
     <span class='ocr_line' id='line_1_26' title="bbox 490 4351 2313 4471; baseline -0.001 -33"><span class='ocrx_word' id='word_1_242' title='bbox 490 4367 654 4439; x_wconf 89' lang='lat' dir='ltr'>rantem</span> <span class='ocrx_word' id='word_1_243' title='bbox 677 4355 766 4471; x_wconf 88' lang='lat' dir='ltr'>jam</span> <span class='ocrx_word' id='word_1_244' title='bbox 793 4355 839 4440; x_wconf 90' lang='lat' dir='ltr'>in</span> <span class='ocrx_word' id='word_1_245' title='bbox 867 4355 957 4442; x_wconf 86' lang='lat' dir='ltr'>ovis</span> <span class='ocrx_word' id='word_1_246' title='bbox 983 4383 1181 4442; x_wconf 88' lang='lat' dir='ltr'>ranarum</span> <span class='ocrx_word' id='word_1_247' title='bbox 1211 4355 1354 4443; x_wconf 80' lang='lat' dir='ltr'>ovatio</span> <span class='ocrx_word' id='word_1_248' title='bbox 1384 4357 1521 4442; x_wconf 91' lang='lat' dir='ltr'>adbuc</span> <span class='ocrx_word' id='word_1_249' title='bbox 1550 4353 1724 4442; x_wconf 87' lang='lat' dir='ltr'>retentis</span> <span class='ocrx_word' id='word_1_250' title='bbox 1748 4351 2069 4439; x_wconf 85' lang='lat' dir='ltr'>observaverim.</span> <span class='ocrx_word' id='word_1_251' title='bbox 2117 4351 2313 4461; x_wconf 86' lang='lat' dir='ltr'>Denique</span> 
     </span>
     <span class='ocr_line' id='line_1_27' title="bbox 491 4493 2313 4599; baseline -0.001 -17"><span class='ocrx_word' id='word_1_252' title='bbox 491 4521 572 4582; x_wconf 90' lang='lat' dir='ltr'>ova</span> <span class='ocrx_word' id='word_1_253' title='bbox 601 4496 646 4580; x_wconf 92' lang='lat' dir='ltr'>iu</span> <span class='ocrx_word' id='word_1_254' title='bbox 675 4497 827 4584; x_wconf 89' lang='lat' dir='ltr'>ovariis</span> <span class='ocrx_word' id='word_1_255' title='bbox 855 4499 1109 4586; x_wconf 80' lang='lat' dir='ltr'>insectorum</span> <span class='ocrx_word' id='word_1_256' title='bbox 1136 4514 1300 4584; x_wconf 72' lang='lat' dir='ltr'>matina</span> <span class='ocrx_word' id='word_1_257' title='bbox 1329 4499 1513 4584; x_wconf 78' lang='lat' dir='ltr'>vesicula</span> <span class='ocrx_word' id='word_1_258' title='bbox 1541 4511 1711 4599; x_wconf 87' lang='lat' dir='ltr'>carent,</span> <span class='ocrx_word' id='word_1_259' title='bbox 1741 4493 1960 4580; x_wconf 86' lang='lat' dir='ltr'>immatura</span> <span class='ocrx_word' id='word_1_260' title='bbox 1996 4521 2099 4584; x_wconf 87' lang='lat' dir='ltr'>vero</span> <span class='ocrx_word' id='word_1_261' title='bbox 2127 4494 2173 4581; x_wconf 93' lang='lat' dir='ltr'>in</span> <span class='ocrx_word' id='word_1_262' title='bbox 2208 4521 2313 4581; x_wconf 89' lang='lat' dir='ltr'>ova·</span> 
     </span>
     <span class='ocr_line' id='line_1_28' title="bbox 414 4636 2312 4752; baseline -0.002 -28"><span class='ocrx_word' id='word_1_263' title='bbox 414 4663 424 4682; x_wconf 77' lang='grc'><em>’</em></span> <span class='ocrx_word' id='word_1_264' title='bbox 491 4637 647 4726; x_wconf 88' lang='lat' dir='ltr'>riorum</span> <span class='ocrx_word' id='word_1_265' title='bbox 683 4641 868 4752; x_wconf 78' lang='lat' dir='ltr'>apicibus</span> <span class='ocrx_word' id='word_1_266' title='bbox 902 4639 1136 4728; x_wconf 82' lang='lat' dir='ltr'>nidulantia</span> <span class='ocrx_word' id='word_1_267' title='bbox 1177 4641 1327 4728; x_wconf 87' lang='lat' dir='ltr'>eadem</span> <span class='ocrx_word' id='word_1_268' title='bbox 1367 4637 1558 4752; x_wconf 87' lang='lat' dir='ltr'>praedita</span> <span class='ocrx_word' id='word_1_269' title='bbox 1598 4653 1708 4724; x_wconf 89' lang='lat' dir='ltr'>suut.</span> <span class='ocrx_word' id='word_1_270' title='bbox 1778 4638 1892 4724; x_wconf 90' lang='lat' dir='ltr'>Num</span> <span class='ocrx_word' id='word_1_271' title='bbox 1932 4637 2075 4726; x_wconf 86' lang='lat' dir='ltr'>forsan</span> <span class='ocrx_word' id='word_1_272' title='bbox 2110 4636 2312 4723; x_wconf 87' lang='lat' dir='ltr'>secunda-</span> 
     </span>
    </p>
   </div>
   <div class='ocr_carea' id='block_1_5' title="bbox 491 4777 2630 4893">
    <p class='ocr_par' dir='ltr' id='par_1_7' title="bbox 491 4777 2630 4893">
     <span class='ocr_line' id='line_1_29' title="bbox 491 4777 2630 4893; baseline -0.001 -27"><span class='ocrx_word' id='word_1_273' title='bbox 491 4781 605 4868; x_wconf 89' lang='lat' dir='ltr'>tione</span> <span class='ocrx_word' id='word_1_274' title='bbox 633 4785 820 4870; x_wconf 88' lang='lat' dir='ltr'>vesicula</span> <span class='ocrx_word' id='word_1_275' title='bbox 848 4781 1118 4872; x_wconf 83' lang='lat' dir='ltr'>dissolvitvul</span> <span class='ocrx_word' id='word_1_276' title='bbox 1158 4786 1210 4870; x_wconf 89' lang='lat' dir='ltr'>ld</span> <span class='ocrx_word' id='word_1_277' title='bbox 1238 4781 1405 4893; x_wconf 88' lang='lat' dir='ltr'>quidem</span> <span class='ocrx_word' id='word_1_278' title='bbox 1434 4810 1520 4868; x_wconf 87' lang='lat' dir='ltr'>non</span> <span class='ocrx_word' id='word_1_279' title='bbox 1550 4783 1703 4886; x_wconf 89' lang='lat' dir='ltr'>credo;</span> <span class='ocrx_word' id='word_1_280' title='bbox 1744 4781 1790 4867; x_wconf 91' lang='lat' dir='ltr'>in</span> <span class='ocrx_word' id='word_1_281' title='bbox 1825 4779 2049 4866; x_wconf 63' lang='lat' dir='ltr'>mucidis</span> <span class='ocrx_word' id='word_1_282' title='bbox 2083 4777 2195 4864; x_wconf 90' lang='lat' dir='ltr'>enim</span> <span class='ocrx_word' id='word_1_283' title='bbox 2230 4803 2312 4866; x_wconf 86' lang='lat' dir='ltr'>ova</span> <span class='ocrx_word' id='word_1_284' title='bbox 2489 4831 2496 4846; x_wconf 92' lang='lat'>·</span> <span class='ocrx_word' id='word_1_285' title='bbox 2629 4793 2630 4800; x_wconf 68' lang='lat'>‘</span> 
     </span>
    </p>
   </div>
   <div class='ocr_carea' id='block_1_6' title="bbox 446 4920 2313 5605">
    <p class='ocr_par' dir='ltr' id='par_1_8' title="bbox 446 4920 2313 5605">
     <span class='ocr_line' id='line_1_30' title="bbox 493 4920 2313 5038; baseline 0.002 -31"><span class='ocrx_word' id='word_1_286' title='bbox 493 4921 538 5007; x_wconf 91' lang='lat' dir='ltr'>in</span> <span class='ocrx_word' id='word_1_287' title='bbox 567 4925 762 5012; x_wconf 90' lang='lat' dir='ltr'>oviduotu</span> <span class='ocrx_word' id='word_1_288' title='bbox 802 4943 924 5014; x_wconf 90' lang='lat' dir='ltr'>veeta</span> <span class='ocrx_word' id='word_1_289' title='bbox 959 4929 1146 5015; x_wconf 80' lang='lat' dir='ltr'>vesicula·</span> <span class='ocrx_word' id='word_1_290' title='bbox 1179 4943 1323 5014; x_wconf 88' lang='lat' dir='ltr'>carent</span> <span class='ocrx_word' id='word_1_291' title='bbox 1365 4929 1490 5038; x_wconf 83' lang='lat' dir='ltr'>louge</span> <span class='ocrx_word' id='word_1_292' title='bbox 1530 4942 1628 5013; x_wconf 89' lang='lat' dir='ltr'>ante</span> <span class='ocrx_word' id='word_1_293' title='bbox 1668 4923 2027 5025; x_wconf 77' lang='lat' dir='ltr'>secundationem3</span> <span class='ocrx_word' id='word_1_294' title='bbox 2069 4921 2114 5008; x_wconf 86' lang='lat' dir='ltr'>iu</span> <span class='ocrx_word' id='word_1_295' title='bbox 2143 4920 2313 5010; x_wconf 87' lang='lat' dir='ltr'>insectis</span> 
     </span>
     <span class='ocr_line' id='line_1_31' title="bbox 446 5050 2313 5192; baseline 0.001 -42"><span class='ocrx_word' id='word_1_296' title='bbox 446 5050 448 5059; x_wconf 68' lang='grc'><strong>’</strong></span> <span class='ocrx_word' id='word_1_297' title='bbox 492 5053 687 5178; x_wconf 83' lang='lat' dir='ltr'>perlectis</span> <span class='ocrx_word' id='word_1_298' title='bbox 715 5067 953 5192; x_wconf 82' lang='lat' dir='ltr'>fecundatio</span> <span class='ocrx_word' id='word_1_299' title='bbox 982 5070 1027 5156; x_wconf 92' lang='lat' dir='ltr'>in</span> <span class='ocrx_word' id='word_1_300' title='bbox 1056 5073 1220 5155; x_wconf 85' lang='lat' dir='ltr'>alterno</span> <span class='ocrx_word' id='word_1_301' title='bbox 1261 5071 1345 5154; x_wconf 86' lang='lat' dir='ltr'>fine</span> <span class='ocrx_word' id='word_1_302' title='bbox 1381 5083 1606 5179; x_wconf 84' lang='lat' dir='ltr'>apparatus</span> <span class='ocrx_word' id='word_1_303' title='bbox 1641 5067 1832 5178; x_wconf 81' lang='lat' dir='ltr'>genitalis</span> <span class='ocrx_word' id='word_1_304' title='bbox 1871 5065 1963 5152; x_wconf 88' lang='lat' dir='ltr'>fieri</span> <span class='ocrx_word' id='word_1_305' title='bbox 1999 5063 2190 5170; x_wconf 77' lang='lat' dir='ltr'>videor,</span> <span class='ocrx_word' id='word_1_306' title='bbox 2232 5093 2313 5153; x_wconf 88' lang='lat' dir='ltr'>ova</span> 
     </span>
     <span class='ocr_line' id='line_1_32' title="bbox 494 5207 2311 5335; baseline 0.001 -40"><span class='ocrx_word' id='word_1_307' title='bbox 494 5225 633 5297; x_wconf 89' lang='lat' dir='ltr'>antem</span> <span class='ocrx_word' id='word_1_308' title='bbox 656 5210 745 5327; x_wconf 90' lang='lat' dir='ltr'>jam</span> <span class='ocrx_word' id='word_1_309' title='bbox 774 5210 928 5315; x_wconf 88' lang='lat' dir='ltr'>omnia,</span> <span class='ocrx_word' id='word_1_310' title='bbox 959 5211 1162 5335; x_wconf 87' lang='lat' dir='ltr'>supremis</span> <span class='ocrx_word' id='word_1_311' title='bbox 1191 5226 1235 5296; x_wconf 94' lang='lat' dir='ltr'>et</span> <span class='ocrx_word' id='word_1_312' title='bbox 1263 5211 1338 5296; x_wconf 90' lang='lat' dir='ltr'>vix</span> <span class='ocrx_word' id='word_1_313' title='bbox 1373 5209 1671 5323; x_wconf 90' lang='lat' dir='ltr'>apparentibus</span> <span class='ocrx_word' id='word_1_314' title='bbox 1699 5227 1862 5298; x_wconf 88' lang='lat' dir='ltr'>tantum</span> <span class='ocrx_word' id='word_1_315' title='bbox 1891 5207 2098 5321; x_wconf 85' lang='lat' dir='ltr'>exceptis,</span> <span class='ocrx_word' id='word_1_316' title='bbox 2128 5209 2311 5298; x_wconf 84' lang='lat' dir='ltr'>vesicula</span> 
     </span>
     <span class='ocr_line' id='line_1_33' title="bbox 493 5351 2309 5471; baseline 0.002 -35"><span class='ocrx_word' id='word_1_317' title='bbox 493 5368 651 5439; x_wconf 88' lang='lat' dir='ltr'>carent.</span> <span class='ocrx_word' id='word_1_318' title='bbox 711 5356 802 5441; x_wconf 93' lang='lat' dir='ltr'>lmo</span> <span class='ocrx_word' id='word_1_319' title='bbox 837 5355 884 5440; x_wconf 91' lang='lat' dir='ltr'>in</span> <span class='ocrx_word' id='word_1_320' title='bbox 923 5354 1119 5468; x_wconf 79' lang='lat' dir='ltr'>nymphis</span> <span class='ocrx_word' id='word_1_321' title='bbox 1159 5381 1239 5442; x_wconf 91' lang='lat' dir='ltr'>ova</span> <span class='ocrx_word' id='word_1_322' title='bbox 1275 5354 1434 5471; x_wconf 88' lang='lat' dir='ltr'>majora</span> <span class='ocrx_word' id='word_1_323' title='bbox 1476 5369 1519 5441; x_wconf 91' lang='lat' dir='ltr'>et</span> <span class='ocrx_word' id='word_1_324' title='bbox 1548 5356 1603 5440; x_wconf 91' lang='lat' dir='ltr'>ad</span> <span class='ocrx_word' id='word_1_325' title='bbox 1631 5352 1913 5441; x_wconf 81' lang='lat' dir='ltr'>mamritatem</span> <span class='ocrx_word' id='word_1_326' title='bbox 1936 5351 2068 5466; x_wconf 85' lang='lat' dir='ltr'>magis</span> <span class='ocrx_word' id='word_1_327' title='bbox 2098 5369 2309 5465; x_wconf 89' lang='lat' dir='ltr'>proveeta,</span> 
     </span>
     <span class='ocr_line' id='line_1_34' title="bbox 492 5495 2311 5605; baseline 0.002 -25"><span class='ocrx_word' id='word_1_328' title='bbox 492 5509 607 5580; x_wconf 89' lang='lat' dir='ltr'>certe</span> <span class='ocrx_word' id='word_1_329' title='bbox 637 5523 738 5584; x_wconf 92' lang='lat' dir='ltr'>vero</span> <span class='ocrx_word' id='word_1_330' title='bbox 765 5500 951 5587; x_wconf 88' lang='lat' dir='ltr'>nondum</span> <span class='ocrx_word' id='word_1_331' title='bbox 980 5498 1229 5602; x_wconf 82' lang='lat' dir='ltr'>fecundata,</span> <span class='ocrx_word' id='word_1_332' title='bbox 1271 5514 1417 5584; x_wconf 90' lang='lat' dir='ltr'>carent</span> <span class='ocrx_word' id='word_1_333' title='bbox 1446 5498 1657 5600; x_wconf 87' lang='lat' dir='ltr'>vesictrla,</span> <span class='ocrx_word' id='word_1_334' title='bbox 1695 5523 1803 5605; x_wconf 89' lang='lat' dir='ltr'>quae</span> <span class='ocrx_word' id='word_1_335' title='bbox 1838 5511 1979 5586; x_wconf 86' lang='lat' dir='ltr'>tamen</span> <span class='ocrx_word' id='word_1_336' title='bbox 2007 5497 2055 5582; x_wconf 93' lang='lat' dir='ltr'>iu</span> <span class='ocrx_word' id='word_1_337' title='bbox 2082 5495 2311 5584; x_wconf 89' lang='lat' dir='ltr'>minoribus</span> 
     </span>
    </p>
   </div>
   <div class='ocr_carea' id='block_1_7' title="bbox 0 0 2661 6564">
    <p class='ocr_par' dir='ltr' id='par_1_9' title="bbox 0 0 2661 6564">
     <span class='ocr_line' id='line_1_35' title="bbox 0 0 2661 6564; baseline 0 0"><span class='ocrx_word' id='word_1_338' title='bbox 0 0 2661 6564; x_wconf 95' lang='lat' dir='ltr'> </span> 
     </span>
    </p>
   </div>
  </div>
 </body>
</html>
