5284 6572
834 687 1681 776 ------35----

1018 989 1491 1078 Conclusio

357 1243 360 1250 ’
497 1247 637 1335 Omne
669 1246 843 1349 animal,
882 1247 994 1354 quod
1024 1243 1134 1330 coitu
1163 1244 1290 1330 maris
1321 1259 1363 1328 et
1392 1225 1572 1330 feminae
1602 1244 1802 1356 gignitur,
1846 1275 1901 1332 ex
1932 1274 2012 1334 ovo
2042 1252 2160 1335 evol-

344 1389 476 1493 vitur,
519 1392 679 1474 nullum
709 1416 765 1475 ex
794 1414 911 1475 mero
941 1387 1103 1496 liquore
1131 1385 1367 1473 sonnativo.
1781 1371 1782 1374 Ὺ
2078 1413 2084 1420 ·

496 1529 654 1620 Semen
682 1531 802 1619 virile
831 1557 910 1644 per
938 1528 1159 1616 cuticulam
1189 1527 1270 1632 ovi,
1302 1531 1418 1614 nullo
1440 1528 1646 1615 foramine
1677 1533 1876 1643 perviam,
1911 1533 1955 1617 in
1974 1558 2098 1619 ovum
2122 1550 2165 1620 et

344 1672 590 1785 praeprimis
619 1673 664 1760 iu
693 1691 857 1788 partem
887 1674 1097 1782 quandam
1126 1671 1195 1758 ori
1223 1671 1409 1757 innatam
1440 1671 1537 1784 agit.
2200 1669 2203 1676 ’

497 1817 690 1904 Evolutio
732 1815 866 1906 omnis
907 1843 932 1902 e
973 1831 1118 1902 centro
1159 1813 1215 1900 all
1244 1791 1522 1928 peripheriam
1551 1816 1696 1901 tendit.
1757 1819 1906 1903 Partes
1937 1845 2037 1930 ergo
2066 1846 2167 1906 cen-

346 1962 474 2046 trales
504 1975 602 2046 ante
631 1959 916 2074 periphericas
944 1959 1186 2046 ionnantm.

499 2103 616 2187 Idem
646 2101 897 2194 evolutionis
926 2101 1073 2188 modus
1102 2099 1146 2186 in
1166 2098 1356 2186 omnibus
1380 2099 1628 2185 animalibus
1646 2101 1894 2188 vertebratis
1916 2131 1940 2188 a
1966 2104 2168 2193 rhachirle

348 2270 566 2358 mcrprens.

504 2681 594 2772 Sed
614 2682 756 2768 ‘finem
785 2681 996 2794 imponam
1029 2679 1231 2793 epistolae
1251 2681 1338 2798 jam
1369 2706 1503 2790 aequo
1533 2682 1734 2796 longiori,
1773 2685 1969 2771 Vusrao
1997 2685 2170 2802 judicio,

352 2851 461 2933 quae
492 2824 537 2911 in
567 2825 647 2910 hac
671 2823 958 2933 disquisitione
990 2823 1193 2936 exposui,
1248 2823 1484 2940 subjiciens.

505 2967 556 3052 ln
590 2966 878 3052 mummolinus
907 2965 944 3052 si
974 2965 1074 3074 quaid
1104 2965 1203 3054 novi
1225 2965 1380 3071 inveni,
1410 2967 1456 3051 id
1475 2992 1562 3052 non
1590 2984 1854 3080 perspectum
1882 2969 2080 3056 habuisse
2104 2998 2171 3057 me

352 3109 574 3214 confiteor,
604 3108 685 3195 nisi
709 3109 1053 3197 Docuurncum
1078 3136 1128 3198 ac
1152 3111 1378 3196 Paucum
1404 3109 1766 3197 observationibus
1791 3111 1963 3197 edoctus
1987 3111 2171 3199 finissem

354 3251 625 3364 Quapropter
660 3251 765 3357 uoti,
803 3253 916 3362 quod
944 3251 1090 3339 infimo
1120 3265 1291 3366 pectore
1320 3251 1456 3358 foveo,
1500 3251 1750 3340 enunciandi
1773 3227 1938 3339 veniam
1963 3281 1989 3338 a
2015 3257 2172 3344 Vocis

256 3487 265 3502 ,
354 3410 466 3506 peto.
526 3393 653 3480 Faxit
679 3396 799 3481 Deus
831 3410 898 3481 ter
930 3393 1125 3508 Optimus
1151 3393 1392 3499 Maximus,
1436 3410 1483 3481 ut
1513 3397 1709 3496 Vusruu
1741 3373 1946 3483 Panaca
1985 3398 2173 3508 pertina-

355 3537 530 3628 cissimo,
550 3540 698 3629 morbo
730 3537 911 3636 aliteris
943 3538 1137 3624 detentus
1167 3537 1386 3649 pristinam
1417 3553 1637 3650 recuperet
1667 3537 1970 3643 valetudinem,
2011 3555 2058 3624 ut
2081 3567 2175 3624 cum

355 3679 521 3785 laurea,
559 3679 680 3766 annis
700 3679 789 3795 jam
815 3677 1040 3794 juvenibus
1070 3677 1151 3766 sihi
1175 3678 1406 3784 vindicata,
1439 3679 1544 3766 alias
1572 3695 1711 3765 aetate
1742 3678 1852 3764 virili
1875 3696 2045 3792 paratas
2071 3709 2172 3766 con-

353 3820 500 3936 jungat
529 3821 576 3906 in
598 3822 762 3935 patriae
786 3821 962 3933 gloriam
986 3836 1029 3908 et
1053 3819 1252 3908 scientiae
1283 3821 1487 3908 naturalis
1510 3821 1823 3908 incrementum.

507 3967 663 4052 Valete
697 3963 882 4074 mihique
917 3962 1062 4052 favero
1090 3963 1222 4050 nolite
1258 3964 1465 4051 deucere.

510 4152 676 4235 Dabam
707 4148 982 4261 Regiomouti.
1042 4149 1158 4234 Prid.
1190 4151 1340 4235 ltluum
1368 4147 1539 4259 (liniret.
1607 4145 1745 4233 1827.
