5284 6572
840 695 1263 784 ---a

335 961 427 1022 sum
463 961 610 1039 versa,
647 932 769 1022 lateri
805 933 975 1020 sinistro
1017 931 1235 1037 incumbit,
1278 932 1433 1042 ubique
1474 961 1574 1020 area
1610 939 1824 1022 vasculosa
1866 937 2156 1030 circumdatus.

334 1078 508 1192 Figura
537 1093 679 1164 nemra
710 1079 754 1164 7.
786 1077 916 1165 letum
945 1076 989 1162 in
1018 1075 1099 1162 situ
1123 1075 1303 1162 naturali
1327 1076 1515 1180 exbibet,
1540 1079 1616 1164 sed
1638 1106 1737 1190 pars
1760 1080 1896 1166 antica
1917 1082 2028 1196 justo
2058 1090 2157 1174 bre-

335 1221 428 1308 vior
452 1221 627 1326 videtin,
652 1222 751 1331 (pria
773 1247 896 1308 sacco
926 1218 1152 1306 intestinali
1178 1245 1271 1303 cmn
1295 1219 1504 1305 ambiente
1525 1221 1673 1332 capitis
1691 1222 1840 1332 vagina
1866 1225 2060 1314 immersa
2079 1250 2168 1326 est.

435 1385 439 1392 ·
487 1363 661 1476 Figura
705 1365 750 1446 V
744 1364 807 1448 ΙΙ
809 1382 839 1447 ·.
889 1361 1019 1448 letum
1066 1360 1197 1474 pingit
1247 1389 1342 1447 cum
1384 1378 1503 1474 parte
1543 1363 1653 1449 sacci
1689 1364 1935 1454 intestinalis
1977 1371 2035 1458 ita
2077 1381 2156 1460 sub

335 1506 607 1619 microscopio
636 1507 841 1620 positum,
871 1521 917 1591 ut
944 1531 1043 1618 pars
1073 1503 1261 1592 anterior
1294 1505 1460 1618 penitius
1497 1522 1541 1592 et
1575 1535 1673 1618 pars
1709 1510 1916 1620 posterior
1942 1518 2156 1624 pardtdum

335 1650 458 1738 lateri
485 1650 653 1737 sinistro
682 1651 905 1737 incumbat.
964 1650 1015 1734 ln
1043 1650 1124 1734 bac
1152 1648 1361 1760 positione
1390 1648 1519 1734 nabars
1549 1676 1774 1738 consensus
1804 1652 1915 1739 inter
1949 1660 2155 1748 evolutio-

334 1820 433 1906 nem
467 1793 571 1906 pulli
612 1793 750 1878 avium
792 1807 835 1878 et
874 1791 1155 1878 mammolium
1195 1791 1349 1903 optime
1377 1791 1636 1903 perspicitur.
1666 1843 1726 1859 -
1777 1795 2027 1908 Incipiamus
2061 1829 2155 1890 cum

335 1936 485 2050 vagina
513 1935 661 2049 capitis
690 1935 871 2039 bede,
914 1934 1031 2051 cujus
1060 1933 1275 2020 dimidium
1309 1933 1419 2020 fetus
1455 1950 1580 2046 caput
1603 1950 1645 2019 et
1668 1939 1820 2021 oollmn
1844 1939 1994 2026 dextro
2024 1945 2157 2032 latere

335 2085 537 2192 obtegens
571 2077 754 2182 resecui,
796 2093 843 2163 ut
883 2091 1025 2190 partes
1058 2078 1141 2164 bae
1177 2076 1331 2164 clarius
1360 2077 1406 2163 in
1433 2081 1569 2164 lucem
1600 2077 1809 2184 venirent,
1839 2080 1986 2168 illaeso
2015 2101 2154 2174 tamen

335 2249 469 2310 venae
517 2221 807 2309 descendentis
843 2223 1020 2306 dextrae
1056 2235 1230 2325 manco,
1274 2245 1398 2329 quem
1439 2220 1639 2306 reclinari
1681 2219 1729 2334 (e
1741 2223 1799 2335 f)
1837 2251 1893 2310 ne
1928 2225 2017 2340 ejus
2052 2257 2155 2318 oon.

336 2392 595 2452 namucum
631 2364 767 2451 cordis
796 2363 932 2464 atrio,
961 2378 1078 2448 trans
1106 2362 1282 2474 vaginae
1310 2361 1485 2468 initium,
1515 2367 1623 2449 bene
1653 2362 1778 2468 visus,
1808 2370 2010 2455 turbetur.
2070 2376 2156 2460 Lo-

336 2535 457 2614 cum,
500 2533 624 2617 wem
654 2523 752 2593 ante
781 2504 1095 2592 reclinationem
1130 2519 1348 2611 tenuerat,
1385 2505 1503 2618 signo
1527 2507 1574 2620 s
1598 2507 1753 2594 notavi.
1815 2511 2038 2598 Denudata
2074 2517 2155 2602 ita-

336 2677 420 2761 que
448 2649 634 2764 corporis
662 2665 784 2763 parte
821 2664 991 2734 curuata
1029 2647 1184 2761 optime
1213 2648 1258 2734 in
1293 2651 1438 2736 oculos
1476 2647 1625 2736 cecidit
1661 2650 1799 2736 cordis
1836 2652 1986 2740 atrium
2029 2660 2155 2772 (cg)

337 2821 466 2884 renas
494 2793 716 2906 recipiens,
747 2808 791 2880 et
819 2791 1074 2880 ventriculus
1105 2787 1178 2906 (a)
1215 2818 1241 2877 a
1271 2791 1438 2880 mnbtro
1475 2795 1529 2876 ad
1567 2793 1762 2880 dextrum
1789 2797 1900 2884 lattu
1928 2796 1973 2884 in
2002 2803 2157 2912 spiram

336 2954 470 3026 tortus
506 2935 645 3024 etita
681 2965 731 3023 ac
767 2935 812 3020 in
852 2935 977 3046 pullis
1014 2934 1173 3038 avium,
1212 2935 1432 3022 deficiente
1461 2952 1657 3047 pectore,
1689 2964 1715 3020 a
1744 2939 1930 3050 corporis
1958 2943 2158 3034 lateribus

338 3107 422 3167 non
458 3095 626 3166 tectum.
698 3078 865 3169 Statum
904 3080 1016 3164 hunc
1052 3104 1127 3164 cor
1166 3078 1423 3164 denudatum
1464 3075 1604 3164 dicere
1641 3082 1803 3182 solent3
1845 3097 2029 3170 attamen
2058 3115 2158 3174 vere

337 3225 494 3310 nudum
523 3248 597 3309 cor
633 3247 841 3310 essenon
881 3236 1042 3333 potest,
1074 3221 1243 3330 quando
1272 3217 1419 3332 capitis
1447 3219 1598 3332 vagina
1621 3218 1709 3337 jam
1737 3223 1917 3334 pectam
1946 3227 2158 3339 regionem

337 3366 492 3478 attigb,
522 3392 654 3475 quare
683 3391 771 3470 cor,
801 3363 838 3451 si
866 3389 1070 3473 unquam,
1099 3391 1178 3474 per
1204 3362 1494 3450 brevissimum
1522 3380 1637 3452 certe
1665 3366 1864 3478 temporis
1892 3370 2083 3480 spatium,
2115 3391 2158 3460 et

338 3527 498 3598 tanaim
527 3509 573 3595 in
601 3523 722 3620 parte
750 3533 927 3612 venosa,
959 3533 1061 3596 vere
1089 3508 1248 3593 nudum
1277 3522 1355 3593 est.
1414 3510 1466 3594 ln
1494 3523 1637 3594 nostro
1658 3507 1753 3596 letu
1795 3527 1965 3622 praeter
1999 3515 2156 3602 cuticu-

338 3657 424 3738 lam
465 3668 610 3764 pectus
650 3666 859 3762 tegentem
894 3650 981 3765 jam
1021 3650 1292 3736 tenerrimum
1319 3649 1600 3761 pericanlium
1631 3648 1670 3765 (i
1686 3649 1724 3766 i)
1754 3655 1887 3758 adest,
1916 3660 2028 3763 quod
2059 3677 2157 3748 ante

339 3795 494 3882 atrium
522 3809 565 3880 et
593 3792 869 3881 ventricrdum
898 3790 1202 3902 distinguitur.
1235 3792 1300 3876 Ex
1329 3793 1458 3879 corde
1486 3808 1669 3904 systenm
1698 3794 1945 3882 arteriostun
1968 3823 2158 3914 emerge-

339 3965 389 4024 re
417 3937 518 4043 ridi,
549 3938 661 4048 quod
686 3934 893 4044 utrimque
921 3933 967 4020 in
995 3949 1174 4042 qrratuor
1202 3961 1324 4021 mnus
1352 3933 1535 4040 finditur,
1565 3949 1666 4040 tum,
1696 3935 1756 4020 uti
1784 3936 1828 4021 in
1856 3938 2052 4050 piscibus,-
2082 3950 2160 4030 sub

340 4083 533 4170 columna
556 4077 782 4167 vertebrali
807 4076 852 4164 in
875 4093 1067 4164 mancum
1089 4102 1351 4187 commtmem
1381 4074 1443 4192 (l)
1469 4128 1530 4144 -
1552 4069 1730 4165 Aortam
1748 4131 1808 4146 -
1827 4085 2035 4170 collectos.
2095 4087 2160 4172 llx

340 4249 444 4308 arcu
472 4219 672 4307 anteriori
701 4246 843 4306 ramus
871 4222 926 4304 ad
955 4218 1102 4331 capitis
1124 4194 1295 4330 partem
1330 4220 1584 4306 anteriorem
1612 4271 1674 4286 -
1702 4222 1757 4304 ad
1787 4224 1953 4308 oculum
1981 4225 2071 4313 lere
2100 4281 2161 4296 -

341 4364 541 4468 vertitur,
583 4363 791 4450 secundus
820 4387 941 4448 arcus
969 4375 1068 4446 ante
1098 4361 1212 4447 auris
1241 4359 1486 4472 vestigium,
1516 4359 1664 4446 tertius
1692 4387 1803 4473 pone
1831 4363 1945 4451 idem
1973 4395 2160 4481 organon

342 4510 546 4594 ramulum
574 4505 712 4592 mittit.
771 4504 938 4590 Primus
967 4518 1011 4618 et
1039 4503 1246 4590 secundus
1268 4529 1391 4590 arcus
1413 4497 1637 4614 utrimque
1653 4504 1797 4592 lateris
1821 4534 1877 4592 ex
1900 4512 2031 4600 bulbo
2054 4542 2161 4625 quo·

343 4653 442 4738 dam
471 4647 553 4765 (k)
585 4660 814 4758 emergrmt.
873 4648 991 4734 Idem
1020 4662 1204 4758 systema
1233 4651 1496 4736 vascrdosum
1518 4647 1564 4732 in
1586 4647 1711 4759 pullis
1732 4647 1971 4760 gallinaceis
1994 4657 2161 4767 saepius

344 4797 667 4882 observaveram
697 4803 740 4876 et
764 4789 852 4905 jam
882 4804 1041 4874 aestate
1075 4788 1222 4893 1826,
1266 4806 1490 4896 antequam
1519 4792 1748 4876 lluscunn
1779 4790 1947 4878 inventa
1977 4821 2051 4880 sua
2081 4825 2162 4910 pu-

348 4935 447 5022 blici
470 4935 578 5051 juris
608 4933 792 5038 lecerat,
824 4929 1147 5018 exercitationes
1176 4957 1292 5016 meas
1322 4957 1416 5015 cum
1443 4930 1653 5017 linum
1694 4932 2014 5048 communicavi,
2057 4942 2163 5057 adji.

347 5076 461 5164 ciens
488 5095 557 5164 me
585 5093 760 5190 putare,
803 5073 1007 5166 foramina
1048 5077 1102 5160 ab
1143 5099 1196 5162 eo
1225 5075 1390 5160 detecta
1419 5071 1517 5158 buic
1546 5071 1732 5160 labricne
1760 5075 1962 5188 originem
1991 5081 2163 5187 debere,

345 5225 400 5308 de
430 5248 514 5330 quo
542 5223 714 5332 postbac
742 5218 907 5330 penitus
936 5217 1157 5304 certiorem
1192 5245 1260 5303 me
1290 5215 1373 5302 leci
1414 5213 1514 5330 (Isis
1548 5212 1690 5322 1825,
1719 5246 1763 5331 p.
1795 5215 1893 5306 747
1922 5237 1966 5308 et
1999 5221 2165 5340 1100).

348 5367 472 5451 Nunc
512 5364 618 5450 baec
659 5362 880 5450 scribendo
921 5361 1034 5447 idem
1074 5375 1256 5471 systema
1298 5385 1492 5446 vasorum
1534 5359 1578 5444 in
1608 5360 1904 5472 embryonibus
1934 5367 2170 5456 tenerrimis

349 5506 521 5598 Colubri
550 5504 733 5594 Nanicis
763 5521 806 5593 et
834 5507 1038 5593 Lacertae
1069 5501 1187 5616 agilis
1217 5529 1364 5616 parum
1394 5500 1634 5614 discrepans
1662 5505 1896 5591 observavi.
1958 5508 2027 5594 De
2056 5511 2172 5599 ranis

1700 5645 1769 5728 μ

1143 5751 1183 5816 ἡ
