5284 6572
995 707 1799 795 ...mam-

495 962 542 1048 in
569 953 680 1044 uteri
708 952 889 1039 cavitate
912 949 1128 1065 jacebant,
1158 963 1206 1032 ut
1234 944 1448 1032 levissimo
1476 945 1579 1031 flam
1607 945 1653 1030 in
1682 945 1806 1061 hujus
1835 945 1981 1056 organi
2010 971 2132 1031 muco
2162 944 2321 1076 moveri

498 1106 570 1189 rel
598 1097 757 1188 cultelli
785 1091 1003 1180 manubrio
1033 1090 1232 1176 facillime
1261 1089 1396 1175 attolli
1424 1104 1615 1200 possent,
1646 1102 1772 1197 atque
1800 1103 1886 1174 tam
1914 1087 2153 1174 tenerrimis
2189 1113 2321 1172 mem-

498 1242 646 1334 branis
673 1237 894 1328 consumta
924 1249 1059 1338 erant,
1091 1249 1137 1318 ut
1166 1231 1303 1341 quivis
1338 1232 1461 1317 flatus
1489 1230 1665 1316 fornmm
1693 1245 1873 1316 mutaret
1911 1233 2058 1316 eodem
2084 1229 2172 1315 iere
2196 1231 2321 1316 modo

503 1417 553 1474 ac
580 1387 722 1474 bullae
750 1377 1014 1493 saponariae‚
1045 1377 1196 1485 quihus
1225 1373 1479 1460 fabricandis
1509 1389 1552 1460 et
1579 1399 1657 1486 per
1681 1378 1824 1459 adrem
1848 1373 2054 1485 agitandis
2075 1372 2196 1485 pueri
2218 1401 2324 1486 gau-

503 1534 618 1618 deut.
691 1523 784 1614 Sub
826 1520 1100 1632 microscopio
1140 1521 1227 1605 tale
1269 1545 1396 1604 ovum
1435 1515 1548 1602 haud
1586 1516 1754 1628 penitus
1789 1520 2008 1628 globosum
2041 1516 2208 1620 inveni,
2246 1517 2323 1602 sed

504 1675 719 1788 paululum
748 1665 794 1752 in
820 1663 1122 1775 longitudinem
1150 1660 1290 1772 potius
1319 1661 1502 1744 ductum.
1569 1659 1713 1747 Primo
1747 1675 1958 1747 momento
1993 1659 2174 1772 simplex
2202 1659 2323 1745 vide·

504 1821 628 1904 hatur
667 1809 829 1910 tunica,
870 1833 971 1893 mox
1012 1831 1115 1892 vero
1144 1804 1299 1921 etjam
1328 1818 1427 1888 aute
1456 1827 1550 1887 eam
1578 1802 1778 1914 temporis
1807 1818 1988 1914 partem,
2026 1829 2136 1911 quae
2165 1802 2325 1888 minuta

505 1957 682 2059 dicitur,
724 1955 886 2062 lapsam
921 1949 1086 2035 interna
1126 1946 1334 2055 quaedam
1369 1945 1525 2030 lamina
1554 1944 1716 2060 sejungi
1744 1947 1883 2057 coepit
1911 1972 1968 2031 ex
1997 1945 2199 2058 oppositis
2228 1945 2325 2030 fini..

503 2103 609 2202 bus,
657 2094 721 2182 uti
768 2092 872 2204 teg.
904 2091 949 2173 V
958 2090 988 2174 ⁶.
1045 2091 1180 2176 docet.
1259 2090 1455 2174 Vacuum
1499 2088 1601 2173 inde
1648 2089 1856 2198 utrimque
1893 2105 2030 2175 ortum
2068 2104 2133 2175 est
2170 2089 2326 2201 sigmo-

505 2243 661 2330 ideam.
720 2239 862 2323 Ambo
891 2237 998 2320 haec
1021 2259 1155 2318 vacua
1178 2237 1267 2318 tuni
1289 2228 1545 2344 pedetentim
1566 2231 1837 2318 increverunt
1861 2259 1996 2340 usque
2026 2234 2127 2317 dum
2154 2257 2201 2317 se
2229 2247 2325 2317 tau·-
2459 2317 2464 2324 ,

506 2399 668 2499 gerent,
701 2407 752 2466 ao
780 2393 876 2489 post
905 2377 1159 2464 semihoram
1178 2375 1267 2491 jam
1295 2389 1383 2460 tota
1412 2376 1656 2459 membrana
1692 2375 1856 2461 interna
1892 2378 1945 2460 ah
1973 2389 2150 2460 externa
2183 2375 2325 2490 sejun-

507 2543 575 2614 cta
603 2523 1011 2636 reprehendebatur,
1043 2545 1127 2603 una
1157 2533 1319 2603 tauntm
1347 2517 1519 2628 regione
1554 2533 1758 2630 excepta,
1800 2544 1885 2624 qua
1917 2518 2146 2604 cohaerere
2174 2543 2326 2630 perge-

505 2673 622 2756 bant.
683 2665 923 2774 Adspectus
955 2659 1025 2746 ovi
1054 2660 1152 2747 ideo
1182 2660 1373 2746 ditemus
1404 2675 1495 2745 erat
1524 2660 1623 2745 dum
1655 2687 1734 2745 acu
1769 2664 1848 2745 suh
1880 2659 2154 2771 microscopio
2183 2676 2326 2748 verte-

507 2815 652 2912 bama
681 2834 783 2893 mox
814 2803 926 2890 enim
956 2829 1100 2888 aream
1128 2829 1302 2914 opacam
1330 2803 1377 2888 in
1405 2802 1545 2888 medio
1577 2803 1700 2890 sitam
1723 2818 1768 2889 et
1795 2802 1914 2888 tenui
1938 2805 2094 2889 annulo
2115 2801 2326 2916 pellucido

506 2953 685 3040 dumam
722 2947 923 3051 ostendit,
966 2975 1067 3032 mox
1102 2971 1207 3032 vero
1243 2949 1389 3032 orhem
1425 2972 1604 3057 opacum
1638 2947 1684 3032 in
1722 2949 1825 3033 orhe
1855 2946 1994 3032 lucido
2028 2945 2088 3033 ita
2118 2947 2244 3032 situm
2280 2963 2327 3032 ut

505 3095 604 3184 hinc
628 3121 676 3182 se
696 3105 928 3204 tangerent,
958 3089 1059 3176 iude
1088 3116 1221 3176 vacuo
1246 3115 1399 3200 magno
1423 3089 1667 3175 semilunari
1696 3089 2026 3204 sejungerentur,
2058 3103 2182 3201 prout
2210 3089 2326 3201 regio

329 3341 334 3348 ¹
507 3235 774 3326 adhaesionis
796 3235 843 3320 in
867 3233 939 3318 axi
962 3261 988 3318 a
1011 3231 1286 3343 microscopio
1315 3258 1392 3342 per
1416 3259 1542 3318 ovum
1566 3233 1691 3318 ducta
1714 3232 1795 3318 sita
1818 3248 1911 3318 erat
1932 3257 2013 3317 uec
2035 3257 2104 3318 ue.
2166 3230 2327 3319 Omnes

506 3383 586 3468 hos
616 3381 838 3491 adspectas
870 3375 1043 3488 pingere
1073 3402 1153 3462 nec
1182 3377 1352 3460 tabulae
1384 3374 1492 3460 ratio
1523 3375 1625 3461 sinit
1662 3401 1743 3461 nec
1781 3375 1886 3461 utile
1916 3375 2054 3460 risum
2093 3389 2170 3462 est.
2239 3377 2325 3461 Po-

507 3524 638 3612 tiores
680 3545 783 3608 vero
822 3518 1013 3622 habetis,
1067 3520 1105 3606 si
1151 3517 1346 3630 Figurae
1392 3517 1470 3601 IV
1475 3533 1506 3602 ⁰.
1549 3516 1626 3601 IV
1635 3516 1665 3602 ⁶.
1712 3518 1797 3603 1⁷⁶.
1847 3518 1891 3600 V
1901 3517 1931 3604 ὗ.
1973 3518 2085 3604 iuter
2128 3545 2175 3605 se
2211 3545 2327 3604 oom-

507 3689 658 3780 parare
687 3665 836 3776 placet.
896 3662 1013 3747 ldem
1042 3660 1155 3748 enim
1183 3661 1231 3748 fit
1259 3659 1305 3746 iu
1335 3687 1416 3746 ovo
1440 3659 1604 3765 minori,
1633 3659 1745 3747 inira
1768 3662 2057 3750 describendo.
2117 3662 2205 3746 lam
2230 3677 2328 3748 ante

506 3809 654 3895 horam
684 3805 862 3918 primam
890 3808 1133 3891 membrana
1161 3802 1328 3890 interna
1358 3803 1580 3889 collabitur
1602 3804 1676 3909 ita,
1701 3821 1750 3891 ut
1779 3805 2036 3916 pedetentim
2064 3803 2328 3917 sphaericam

330 3993 333 4008 ·
507 3949 683 4038 iormam
706 3947 875 4035 omnino
900 3947 1083 4057 deponat
1113 3946 1379 4058 speciemque
1402 3946 1513 4032 sacci
1543 3947 1588 4031 iu
1613 3947 1762 4055 quovis
1787 3973 1867 4033 ovo
1898 3947 1982 4032 alio
2004 3949 2129 4033 modo
2154 3946 2329 4059 collapsi

508 4093 666 4180 induat.
726 4091 843 4176 llaec
873 4089 972 4173 dum
1003 4089 1125 4193 liunt,
1155 4090 1399 4174 membrana
1428 4103 1606 4174 externa
1636 4087 1757 4175 initio
1787 4087 1966 4176 lormam
2002 4106 2156 4182 servat.
2173 4092 2328 4202 sphae-

508 4235 663 4338 ricam,
700 4251 790 4321 nnn
820 4231 947 4318 etiam
977 4230 1131 4319 collabi
1161 4229 1308 4342 incipit
1338 4244 1381 4316 et
1411 4246 1506 4342 post
1536 4232 1663 4322 horas
1693 4235 1918 4318 nonnullas
1949 4233 2063 4344 rugis
2094 4247 2329 4319 coarctamr

506 4375 819 4490 irregularibus.
890 4376 1002 4461 Tale
1041 4402 1165 4462 ovum
1200 4373 1303 4486 mg.
1346 4372 1391 4454 V
1404 4389 1436 4457 ⁶.
1487 4374 1644 4486 pictum
1678 4373 1850 4478 videtis,
1893 4373 2011 4489 cujus
2043 4374 2270 4461 diametrus
2301 4401 2329 4458 a

507 4518 680 4606 dimidia
716 4517 856 4604 lineae
890 4532 1011 4631 parte
1051 4517 1105 4600 ad
1142 4514 1309 4602 tertiam
1337 4515 1525 4628 ejusdem
1556 4543 1777 4603 mensurae
1808 4532 1971 4628 partem
2016 4516 2218 4605 diminuta
2250 4534 2327 4604 est.

661 4662 884 4772 Quaenam
913 4656 1038 4773 hujus
1062 4656 1339 4768 phaenomeni
1363 4683 1489 4744 causa
1520 4659 1588 4763 sit,
1612 4660 1811 4746 Vestae
1838 4660 1995 4776 judicio
2020 4660 2330 4777 dijudicandum

509 4803 719 4894 submitto.
793 4801 988 4890 Calorem
1023 4799 1245 4886 animalem
1286 4827 1396 4910 aqua
1426 4799 1604 4914 frigida,
1646 4803 1692 4888 iu
1722 4829 1806 4911 qua
1837 4829 1915 4888 ora
1945 4807 2025 4890 suh
2055 4801 2329 4913 microscopio

509 4946 784 5059 contemplari
814 4948 1022 5048 solemus,
1064 4944 1243 5057 deprimi
1274 4944 1457 5054 indeque
1488 4945 1722 5032 tensionem
1753 4959 1796 5029 et
1827 4945 2027 5032 ambitum
2056 4973 2230 5032 oronam
2262 4945 2329 5029 di-

508 5089 665 5194 miuui,
707 5086 862 5172 infitias
891 5112 978 5171 uon
1008 5086 1093 5172 iho.
1166 5086 1354 5170 Plurima
1384 5087 1545 5172 scilicet
1581 5113 1662 5172 ova
1688 5114 1743 5172 ex
1772 5087 1904 5174 uteris
1933 5087 2146 5202 depromsi
2188 5093 2329 5176 calore

507 5231 678 5319 animali
708 5257 793 5318 non
823 5226 989 5340 penisus
1019 5227 1241 5316 destitutis.
1315 5227 1396 5317 Sin
1432 5255 1534 5316 vero
1564 5227 1825 5342 refrigeratio
1857 5231 1911 5314 ad
1943 5227 2165 5320 efficienda
2194 5233 2328 5347 phae-

506 5401 685 5462 nomena
708 5377 842 5462 relata
872 5369 1097 5476 sufficeret,
1123 5401 1211 5481 cur,
1243 5367 1426 5484 quaeso!
1470 5399 1597 5460 ovttm
1631 5400 1717 5459 non
1748 5373 1889 5460 statim
1921 5373 2192 5488 deprimitur,
2235 5403 2331 5462 cum

504 5531 591 5604 tam
621 5543 749 5626 parva
775 5515 981 5620 vesicula,
1006 5539 1106 5601 acus
1131 5518 1359 5629 capitulam
1390 5515 1675 5628 magnitudine
1706 5542 1791 5601 non
1823 5520 2051 5622 excedens,
2079 5519 2166 5635 jam
2194 5517 2330 5632 primo
