<?xml version="1.0" encoding="UTF-8"?>
<!DOCTYPE html PUBLIC "-//W3C//DTD XHTML 1.0 Transitional//EN"
    "http://www.w3.org/TR/xhtml1/DTD/xhtml1-transitional.dtd">
<html xmlns="http://www.w3.org/1999/xhtml" xml:lang="en" lang="en">
 <head>
  <title>
</title>
<meta http-equiv="Content-Type" content="text/html;charset=utf-8" />
  <meta name='ocr-system' content='tesseract 3.04.00' />
  <meta name='ocr-capabilities' content='ocr_page ocr_carea ocr_par ocr_line ocrx_word'/>
</head>
<body>
  <div class='ocr_page' id='page_1' title='image "./deovimammaliume00baergoog_0022.png"; bbox 0 0 5284 6572; ppageno 0'>
   <div class='ocr_carea' id='block_1_1' title="bbox 839 717 1652 801">
    <p class='ocr_par' dir='ltr' id='par_1_1' title="bbox 839 717 1652 801">
     <span class='ocr_line' id='line_1_1' title="bbox 839 717 1652 801; baseline 0 -27"><span class='ocrx_word' id='word_1_1' title='bbox 839 717 1652 801; x_wconf 47' lang='lat' dir='ltr'>*qm</span> 
     </span>
    </p>
   </div>
   <div class='ocr_carea' id='block_1_2' title="bbox 333 947 2152 1084">
    <p class='ocr_par' dir='ltr' id='par_1_2' title="bbox 333 947 2152 1084">
     <span class='ocr_line' id='line_1_2' title="bbox 333 947 2152 1084; baseline 0.01 -46"><span class='ocrx_word' id='word_1_2' title='bbox 333 949 532 1062; x_wconf 88' lang='lat' dir='ltr'>temporis</span> <span class='ocrx_word' id='word_1_3' title='bbox 561 965 771 1036; x_wconf 88' lang='lat' dir='ltr'>momento</span> <span class='ocrx_word' id='word_1_4' title='bbox 808 947 1080 1064; x_wconf 81' lang='lat' dir='ltr'>rehigeretur</span> <span class='ocrx_word' id='word_1_5' title='bbox 1110 980 1285 1041; x_wconf 81' lang='lat' dir='ltr'>necesse</span> <span class='ocrx_word' id='word_1_6' title='bbox 1320 951 1409 1042; x_wconf 84' lang='lat' dir='ltr'>sit?</span> <span class='ocrx_word' id='word_1_7' title='bbox 1453 985 1528 1042; x_wconf 88' lang='lat' dir='ltr'>cur</span> <span class='ocrx_word' id='word_1_8' title='bbox 1557 985 1643 1046; x_wconf 90' lang='lat' dir='ltr'>non</span> <span class='ocrx_word' id='word_1_9' title='bbox 1679 975 1811 1048; x_wconf 89' lang='lat' dir='ltr'>totum</span> <span class='ocrx_word' id='word_1_10' title='bbox 1849 991 1973 1052; x_wconf 83' lang='lat' dir='ltr'>ovrrm</span> <span class='ocrx_word' id='word_1_11' title='bbox 2009 970 2152 1084; x_wconf 82' lang='lat' dir='ltr'>‹lepri-</span> 
     </span>
    </p>
   </div>
   <div class='ocr_carea' id='block_1_3' title="bbox 333 1091 2308 1231">
    <p class='ocr_par' dir='ltr' id='par_1_3' title="bbox 333 1091 2308 1231">
     <span class='ocr_line' id='line_1_3' title="bbox 333 1091 2308 1231; baseline 0.01 -52"><span class='ocrx_word' id='word_1_12' title='bbox 333 1093 460 1180; x_wconf 85' lang='lat' dir='ltr'>mitnr</span> <span class='ocrx_word' id='word_1_13' title='bbox 501 1091 563 1178; x_wconf 90' lang='lat' dir='ltr'>uti</span> <span class='ocrx_word' id='word_1_14' title='bbox 610 1108 859 1204; x_wconf 86' lang='lat' dir='ltr'>praeparata</span> <span class='ocrx_word' id='word_1_15' title='bbox 901 1095 1132 1182; x_wconf 87' lang='lat' dir='ltr'>anatomica</span> <span class='ocrx_word' id='word_1_16' title='bbox 1173 1124 1301 1197; x_wconf 88' lang='lat' dir='ltr'>cava,</span> <span class='ocrx_word' id='word_1_17' title='bbox 1344 1125 1477 1206; x_wconf 88' lang='lat' dir='ltr'>quae,</span> <span class='ocrx_word' id='word_1_18' title='bbox 1520 1099 1556 1186; x_wconf 84' lang='lat' dir='ltr'>si</span> <span class='ocrx_word' id='word_1_19' title='bbox 1603 1101 1735 1188; x_wconf 89' lang='lat' dir='ltr'>halitu</span> <span class='ocrx_word' id='word_1_20' title='bbox 1759 1107 1963 1194; x_wconf 66' lang='lat' dir='ltr'>&#39;hmnano‘</span> <span class='ocrx_word' id='word_1_21' title='bbox 2001 1127 2152 1199; x_wconf 86' lang='lat' dir='ltr'>exten-</span> <span class='ocrx_word' id='word_1_22' title='bbox 2285 1187 2308 1231; x_wconf 72' lang='lat' dir='ltr'><em>s</em></span> 
     </span>
    </p>
   </div>
   <div class='ocr_carea' id='block_1_4' title="bbox 333 1225 2284 4774">
    <p class='ocr_par' dir='ltr' id='par_1_4' title="bbox 333 1225 2284 2207">
     <span class='ocr_line' id='line_1_4' title="bbox 334 1225 2284 1365; baseline 0.01 -44"><span class='ocrx_word' id='word_1_23' title='bbox 334 1238 502 1341; x_wconf 73' lang='lat' dir='ltr'>dunen,</span> <span class='ocrx_word' id='word_1_24' title='bbox 531 1261 633 1322; x_wconf 87' lang='lat' dir='ltr'>mox</span> <span class='ocrx_word' id='word_1_25' title='bbox 662 1238 938 1362; x_wconf 84' lang='lat' dir='ltr'>collabtmtur,</span> <span class='ocrx_word' id='word_1_26' title='bbox 969 1242 1037 1323; x_wconf 88' lang='lat' dir='ltr'>vel</span> <span class='ocrx_word' id='word_1_27' title='bbox 1066 1238 1102 1323; x_wconf 84' lang='lat' dir='ltr'>si</span> <span class='ocrx_word' id='word_1_28' title='bbox 1131 1254 1289 1326; x_wconf 80' lang='lat' dir='ltr'>aestate</span> <span class='ocrx_word' id='word_1_29' title='bbox 1319 1225 1512 1364; x_wconf 57' lang='lat' dir='ltr'>consseom</span> <span class='ocrx_word' id='word_1_30' title='bbox 1541 1258 1584 1328; x_wconf 87' lang='lat' dir='ltr'>et</span> <span class='ocrx_word' id='word_1_31' title='bbox 1613 1261 1733 1332; x_wconf 90' lang='lat' dir='ltr'>caute</span> <span class='ocrx_word' id='word_1_32' title='bbox 1763 1253 1863 1334; x_wconf 69' lang='lat' dir='ltr'>aere</span> <span class='ocrx_word' id='word_1_33' title='bbox 1888 1254 2152 1365; x_wconf 84' lang='lat' dir='ltr'>atmosphae-</span> <span class='ocrx_word' id='word_1_34' title='bbox 2261 1272 2284 1294; x_wconf 73' lang='grc'>“·</span> 
     </span>
     <span class='ocr_line' id='line_1_5' title="bbox 333 1378 2253 1507; baseline 0.009 -43"><span class='ocrx_word' id='word_1_35' title='bbox 333 1379 420 1466; x_wconf 88' lang='lat' dir='ltr'>rico</span> <span class='ocrx_word' id='word_1_36' title='bbox 450 1405 638 1492; x_wconf 67' lang='lat' dir='ltr'>exparm</span> <span class='ocrx_word' id='word_1_37' title='bbox 671 1379 850 1465; x_wconf 86' lang='lat' dir='ltr'>formam</span> <span class='ocrx_word' id='word_1_38' title='bbox 878 1378 1073 1465; x_wconf 87' lang='lat' dir='ltr'>siccando</span> <span class='ocrx_word' id='word_1_39' title='bbox 1101 1385 1210 1467; x_wconf 92' lang='lat' dir='ltr'>hene</span> <span class='ocrx_word' id='word_1_40' title='bbox 1239 1397 1420 1486; x_wconf 84' lang='lat' dir='ltr'>serrant,</span> <span class='ocrx_word' id='word_1_41' title='bbox 1450 1382 1587 1470; x_wconf 92' lang='lat' dir='ltr'>hieme</span> <span class='ocrx_word' id='word_1_42' title='bbox 1615 1401 1756 1492; x_wconf 87' lang='lat' dir='ltr'>tamen</span> <span class='ocrx_word' id='word_1_43' title='bbox 1780 1416 1953 1503; x_wconf 79' lang='lat' dir='ltr'>magnas</span> <span class='ocrx_word' id='word_1_44' title='bbox 1976 1394 2152 1507; x_wconf 84' lang='lat' dir='ltr'>impres·</span> <span class='ocrx_word' id='word_1_45' title='bbox 2248 1390 2253 1398; x_wconf 81' lang='grc'>’</span> 
     </span>
     <span class='ocr_line' id='line_1_6' title="bbox 333 1520 2153 1641; baseline 0.008 -33"><span class='ocrx_word' id='word_1_46' title='bbox 333 1520 471 1608; x_wconf 65' lang='lat' dir='ltr'>mones</span> <span class='ocrx_word' id='word_1_47' title='bbox 497 1521 805 1608; x_wconf 82' lang='lat' dir='ltr'>nanciaotmtur.</span> <span class='ocrx_word' id='word_1_48' title='bbox 864 1523 922 1610; x_wconf 89' lang='lat' dir='ltr'>Ut</span> <span class='ocrx_word' id='word_1_49' title='bbox 951 1521 1308 1609; x_wconf 81' lang='lat' dir='ltr'>observationibus</span> <span class='ocrx_word' id='word_1_50' title='bbox 1338 1524 1392 1608; x_wconf 88' lang='lat' dir='ltr'>de</span> <span class='ocrx_word' id='word_1_51' title='bbox 1420 1525 1501 1609; x_wconf 92' lang='lat' dir='ltr'>hac</span> <span class='ocrx_word' id='word_1_52' title='bbox 1529 1552 1578 1612; x_wconf 89' lang='lat' dir='ltr'>re</span> <span class='ocrx_word' id='word_1_53' title='bbox 1608 1527 1764 1638; x_wconf 89' lang='lat' dir='ltr'>aliquid</span> <span class='ocrx_word' id='word_1_54' title='bbox 1794 1547 2045 1641; x_wconf 76' lang='lat' dir='ltr'><strong>statuerem,</strong></span> <span class='ocrx_word' id='word_1_55' title='bbox 2082 1565 2153 1626; x_wconf 85' lang='lat' dir='ltr'>sc-</span> 
     </span>
     <span class='ocr_line' id='line_1_7' title="bbox 333 1663 2154 1790; baseline 0.007 -40"><span class='ocrx_word' id='word_1_56' title='bbox 333 1666 418 1750; x_wconf 90' lang='lat' dir='ltr'>mel</span> <span class='ocrx_word' id='word_1_57' title='bbox 449 1663 627 1752; x_wconf 86' lang='lat' dir='ltr'>trrhorio</span> <span class='ocrx_word' id='word_1_58' title='bbox 667 1680 763 1777; x_wconf 80' lang='lat' dir='ltr'>post</span> <span class='ocrx_word' id='word_1_59' title='bbox 801 1663 912 1749; x_wconf 88' lang='lat' dir='ltr'>uteri</span> <span class='ocrx_word' id='word_1_60' title='bbox 940 1665 1195 1753; x_wconf 82' lang='lat' dir='ltr'><strong>excisionem</strong></span> <span class='ocrx_word' id='word_1_61' title='bbox 1223 1666 1312 1782; x_wconf 79' lang='lat' dir='ltr'>ejus</span> <span class='ocrx_word' id='word_1_62' title='bbox 1341 1693 1471 1752; x_wconf 91' lang='lat' dir='ltr'>cornu</span> <span class='ocrx_word' id='word_1_63' title='bbox 1500 1670 1643 1779; x_wconf 85' lang='lat' dir='ltr'>apemi</span> <span class='ocrx_word' id='word_1_64' title='bbox 1672 1687 1715 1758; x_wconf 90' lang='lat' dir='ltr'>et</span> <span class='ocrx_word' id='word_1_65' title='bbox 1743 1700 1823 1759; x_wconf 89' lang='lat' dir='ltr'>ova</span> <span class='ocrx_word' id='word_1_66' title='bbox 1852 1676 2024 1763; x_wconf 87' lang='lat' dir='ltr'>flaccida</span> <span class='ocrx_word' id='word_1_67' title='bbox 2060 1682 2154 1790; x_wconf 87' lang='lat' dir='ltr'>qui-</span> 
     </span>
     <span class='ocr_line' id='line_1_8' title="bbox 333 1806 2154 1936; baseline 0.009 -42"><span class='ocrx_word' id='word_1_68' title='bbox 333 1807 467 1894; x_wconf 85' lang='lat' dir='ltr'>dem</span> <span class='ocrx_word' id='word_1_69' title='bbox 453 1806 607 1912; x_wconf 87' lang='lat' dir='ltr'>mveni,</span> <span class='ocrx_word' id='word_1_70' title='bbox 636 1809 904 1893; x_wconf 70' lang='lat' dir='ltr'><strong>membranae</strong></span> <span class='ocrx_word' id='word_1_71' title='bbox 928 1833 1043 1913; x_wconf 86' lang='lat' dir='ltr'>vero,</span> <span class='ocrx_word' id='word_1_72' title='bbox 1074 1808 1261 1921; x_wconf 77' lang='lat' dir='ltr'>exceptis</span> <span class='ocrx_word' id='word_1_73' title='bbox 1285 1808 1436 1894; x_wconf 83' lang='lat' dir='ltr'>linibus</span> <span class='ocrx_word' id='word_1_74' title='bbox 1461 1811 1672 1921; x_wconf 83' lang='lat' dir='ltr'>oppositis,</span> <span class='ocrx_word' id='word_1_75' title='bbox 1703 1816 1983 1906; x_wconf 82' lang='lat' dir='ltr'>cohaerebant</span> <span class='ocrx_word' id='word_1_76' title='bbox 2013 1819 2123 1936; x_wconf 87' lang='lat' dir='ltr'>(ut</span> <span class='ocrx_word' id='word_1_77' title='bbox 2108 1853 2154 1912; x_wconf 92' lang='grc' dir='ltr'>ιιι</span> 
     </span>
     <span class='ocr_line' id='line_1_9' title="bbox 334 1947 2155 2074; baseline 0.01 -38"><span class='ocrx_word' id='word_1_78' title='bbox 334 1950 438 2062; x_wconf 69' lang='lat' dir='ltr'>mg.</span> <span class='ocrx_word' id='word_1_79' title='bbox 469 1947 608 2064; x_wconf 49' lang='grc' dir='ltr'>ΓΜ)</span> <span class='ocrx_word' id='word_1_80' title='bbox 639 1964 683 2034; x_wconf 90' lang='lat' dir='ltr'>et</span> <span class='ocrx_word' id='word_1_81' title='bbox 710 1948 852 2035; x_wconf 78' lang='grc' dir='ltr'><strong>ιιοιοίο</strong></span> <span class='ocrx_word' id='word_1_82' title='bbox 880 1948 917 2035; x_wconf 81' lang='lat' dir='ltr'>ai</span> <span class='ocrx_word' id='word_1_83' title='bbox 943 1976 1030 2035; x_wconf 91' lang='grc' dir='ltr'><strong>ιιοιι</strong></span> <span class='ocrx_word' id='word_1_84' title='bbox 1058 1948 1258 2066; x_wconf 83' lang='lat' dir='ltr'>sejunctio</span> <span class='ocrx_word' id='word_1_85' title='bbox 1286 1948 1332 2034; x_wconf 92' lang='lat' dir='ltr'>in</span> <span class='ocrx_word' id='word_1_86' title='bbox 1359 1950 1510 2037; x_wconf 86' lang='lat' dir='ltr'>linibus</span> <span class='ocrx_word' id='word_1_87' title='bbox 1539 1979 1590 2039; x_wconf 91' lang='lat' dir='ltr'>eo</span> <span class='ocrx_word' id='word_1_88' title='bbox 1620 1970 1806 2069; x_wconf 89' lang='lat' dir='ltr'>tempore</span> <span class='ocrx_word' id='word_1_89' title='bbox 1829 1958 1883 2044; x_wconf 83' lang='lat' dir='ltr'>sit</span> <span class='ocrx_word' id='word_1_90' title='bbox 1906 1951 2041 2066; x_wconf 88' lang='lat' dir='ltr'>sacta,</span> <span class='ocrx_word' id='word_1_91' title='bbox 2066 1993 2155 2074; x_wconf 91' lang='lat' dir='ltr'>quo</span> 
     </span>
     <span class='ocr_line' id='line_1_10' title="bbox 334 2090 2170 2207; baseline 0.003 -29"><span class='ocrx_word' id='word_1_92' title='bbox 334 2092 651 2206; x_wconf 83' lang='lat' dir='ltr'>microscopium</span> <span class='ocrx_word' id='word_1_93' title='bbox 679 2091 889 2206; x_wconf 88' lang='lat' dir='ltr'>adaptavi.</span> <span class='ocrx_word' id='word_1_94' title='bbox 920 2090 973 2204; x_wconf 83' lang='lat'>*.)</span> <span class='ocrx_word' id='word_1_95' title='bbox 2168 2201 2170 2207; x_wconf 8' lang='lat' dir='ltr'>k</span> 
     </span>
    </p>

    <p class='ocr_par' dir='ltr' id='par_1_5' title="bbox 335 2234 2162 3346">
     <span class='ocr_line' id='line_1_11' title="bbox 488 2234 2158 2364; baseline 0.008 -42"><span class='ocrx_word' id='word_1_96' title='bbox 488 2234 864 2347; x_wconf 82' lang='lat' dir='ltr'>llchigerationem</span> <span class='ocrx_word' id='word_1_97' title='bbox 898 2261 998 2347; x_wconf 85' lang='lat' dir='ltr'>ergo</span> <span class='ocrx_word' id='word_1_98' title='bbox 1041 2236 1098 2319; x_wconf 85' lang='lat' dir='ltr'>ad</span> <span class='ocrx_word' id='word_1_99' title='bbox 1138 2241 1471 2324; x_wconf 88' lang='lat' dir='ltr'>membranarum</span> <span class='ocrx_word' id='word_1_100' title='bbox 1505 2242 1809 2355; x_wconf 86' lang='lat' dir='ltr'>separationem</span> <span class='ocrx_word' id='word_1_101' title='bbox 1851 2262 1894 2332; x_wconf 88' lang='lat' dir='ltr'>et</span> <span class='ocrx_word' id='word_1_102' title='bbox 1929 2251 2158 2364; x_wconf 83' lang='lat' dir='ltr'>collapsam</span> 
     </span>
     <span class='ocr_line' id='line_1_12' title="bbox 335 2376 2157 2502; baseline 0.008 -38"><span class='ocrx_word' id='word_1_103' title='bbox 335 2379 449 2464; x_wconf 86' lang='lat' dir='ltr'>haud</span> <span class='ocrx_word' id='word_1_104' title='bbox 475 2376 671 2464; x_wconf 74' lang='lat' dir='ltr'>&#39;adhaere</span> <span class='ocrx_word' id='word_1_105' title='bbox 699 2376 893 2480; x_wconf 89' lang='lat' dir='ltr'>arbitror,</span> <span class='ocrx_word' id='word_1_106' title='bbox 922 2378 1179 2491; x_wconf 80' lang='lat' dir='ltr'>praesertim.</span> <span class='ocrx_word' id='word_1_107' title='bbox 1198 2405 1250 2464; x_wconf 90' lang='lat' dir='ltr'>ca</span> <span class='ocrx_word' id='word_1_108' title='bbox 1278 2382 1562 2493; x_wconf 85' lang='lat' dir='ltr'>perpendens,</span> <span class='ocrx_word' id='word_1_109' title='bbox 1591 2411 1700 2494; x_wconf 88' lang='lat' dir='ltr'>quae</span> <span class='ocrx_word' id='word_1_110' title='bbox 1729 2389 1784 2473; x_wconf 88' lang='lat' dir='ltr'>de</span> <span class='ocrx_word' id='word_1_111' title='bbox 1807 2391 2068 2502; x_wconf 79' lang='lat' dir='ltr'>serpentssrus</span> <span class='ocrx_word' id='word_1_112' title='bbox 2088 2397 2157 2479; x_wconf 92' lang='lat' dir='ltr'>la·</span> 
     </span>
     <span class='ocr_line' id='line_1_13' title="bbox 337 2517 2159 2640; baseline 0.007 -32"><span class='ocrx_word' id='word_1_113' title='bbox 337 2522 546 2630; x_wconf 67' lang='lat' dir='ltr'>cetusque</span> <span class='ocrx_word' id='word_1_114' title='bbox 578 2523 774 2607; x_wconf 83' lang='lat' dir='ltr'>narrabo.</span> <span class='ocrx_word' id='word_1_115' title='bbox 813 2517 903 2634; x_wconf 83' lang='lat' dir='ltr'><strong>(Cf.</strong></span> <span class='ocrx_word' id='word_1_116' title='bbox 931 2518 964 2638; x_wconf 69' lang='lat' dir='ltr'>p.</span> <span class='ocrx_word' id='word_1_117' title='bbox 989 2519 1075 2632; x_wconf 86' lang='grc'>6.).</span> <span class='ocrx_word' id='word_1_118' title='bbox 1112 2523 1363 2608; x_wconf 85' lang='lat' dir='ltr'>Membrana</span> <span class='ocrx_word' id='word_1_119' title='bbox 1392 2538 1568 2610; x_wconf 86' lang='lat' dir='ltr'>externa</span> <span class='ocrx_word' id='word_1_120' title='bbox 1608 2527 1745 2638; x_wconf 88' lang='lat' dir='ltr'>potius</span> <span class='ocrx_word' id='word_1_121' title='bbox 1781 2553 1931 2640; x_wconf 87' lang='lat' dir='ltr'>aquam</span> <span class='ocrx_word' id='word_1_122' title='bbox 1959 2533 2159 2621; x_wconf 82' lang='lat' dir='ltr'>imbibere</span> 
     </span>
     <span class='ocr_line' id='line_1_14' title="bbox 338 2660 2161 2787; baseline 0.007 -37"><span class='ocrx_word' id='word_1_123' title='bbox 338 2665 440 2750; x_wconf 84' lang='lat' dir='ltr'>dnm</span> <span class='ocrx_word' id='word_1_124' title='bbox 480 2662 695 2750; x_wconf 84' lang='lat' dir='ltr'>vitalitatis</span> <span class='ocrx_word' id='word_1_125' title='bbox 736 2660 892 2770; x_wconf 86' lang='lat' dir='ltr'>aliquid</span> <span class='ocrx_word' id='word_1_126' title='bbox 934 2661 1062 2768; x_wconf 80' lang='lat' dir='ltr'>inest,</span> <span class='ocrx_word' id='word_1_127' title='bbox 1112 2679 1156 2750; x_wconf 89' lang='lat' dir='ltr'>et</span> <span class='ocrx_word' id='word_1_128' title='bbox 1198 2689 1343 2750; x_wconf 82' lang='lat' dir='ltr'>saccus</span> <span class='ocrx_word' id='word_1_129' title='bbox 1384 2664 1572 2754; x_wconf 82' lang='lat' dir='ltr'>internus</span> <span class='ocrx_word' id='word_1_130' title='bbox 1614 2669 1789 2757; x_wconf 88' lang='lat' dir='ltr'>halitum</span> <span class='ocrx_word' id='word_1_131' title='bbox 1829 2677 2161 2787; x_wconf 83' lang='lat' dir='ltr'>qualemcunque</span> 
     </span>
     <span class='ocr_line' id='line_1_15' title="bbox 338 2802 2161 2931; baseline 0.007 -37"><span class='ocrx_word' id='word_1_132' title='bbox 338 2807 509 2894; x_wconf 78' lang='grc' dir='ltr'><strong>ιίιοΙοιιι</strong></span> <span class='ocrx_word' id='word_1_133' title='bbox 538 2806 729 2894; x_wconf 88' lang='lat' dir='ltr'>amittere</span> <span class='ocrx_word' id='word_1_134' title='bbox 757 2802 941 2908; x_wconf 79' lang='lat' dir='ltr'>videon,</span> <span class='ocrx_word' id='word_1_135' title='bbox 979 2805 1051 2914; x_wconf 90' lang='lat' dir='ltr'>qui</span> <span class='ocrx_word' id='word_1_136' title='bbox 1080 2811 1135 2892; x_wconf 92' lang='lat' dir='ltr'>ab</span> <span class='ocrx_word' id='word_1_137' title='bbox 1165 2833 1274 2916; x_wconf 92' lang='lat' dir='ltr'>aqua</span> <span class='ocrx_word' id='word_1_138' title='bbox 1302 2806 1480 2895; x_wconf 82' lang='lat' dir='ltr'>fortasse</span> <span class='ocrx_word' id='word_1_139' title='bbox 1510 2811 1757 2899; x_wconf 83' lang='lat' dir='ltr'>extrahitur.</span> <span class='ocrx_word' id='word_1_140' title='bbox 1829 2817 1880 2900; x_wconf 83' lang='lat' dir='ltr'>tu</span> <span class='ocrx_word' id='word_1_141' title='bbox 1914 2817 2161 2931; x_wconf 81' lang='lat' dir='ltr'>praeprimis</span> 
     </span>
     <span class='ocr_line' id='line_1_16' title="bbox 340 2946 2162 3075; baseline 0.003 -37"><span class='ocrx_word' id='word_1_142' title='bbox 340 2975 421 3038; x_wconf 87' lang='lat' dir='ltr'>ova</span> <span class='ocrx_word' id='word_1_143' title='bbox 435 2947 629 3038; x_wconf 86' lang='lat' dir='ltr'>cunimrh</span> <span class='ocrx_word' id='word_1_144' title='bbox 656 2951 761 3034; x_wconf 85' lang='lat' dir='ltr'>duas</span> <span class='ocrx_word' id='word_1_145' title='bbox 788 2946 922 3032; x_wconf 81' lang='lat' dir='ltr'>lineas</span> <span class='ocrx_word' id='word_1_146' title='bbox 951 2946 1154 3036; x_wconf 78' lang='lat' dir='ltr'>alamon-o</span> <span class='ocrx_word' id='word_1_147' title='bbox 1183 2949 1429 3058; x_wconf 78' lang='lat' dir='ltr'>aequantia,</span> <span class='ocrx_word' id='word_1_148' title='bbox 1472 2953 1658 3064; x_wconf 81' lang='lat' dir='ltr'>parvulis</span> <span class='ocrx_word' id='word_1_149' title='bbox 1693 2955 1802 3043; x_wconf 83' lang='lat' dir='ltr'>villis</span> <span class='ocrx_word' id='word_1_150' title='bbox 1843 2984 1900 3044; x_wconf 89' lang='lat' dir='ltr'>ex</span> <span class='ocrx_word' id='word_1_151' title='bbox 1928 2975 2049 3072; x_wconf 87' lang='lat' dir='ltr'>parto</span> <span class='ocrx_word' id='word_1_152' title='bbox 2072 2960 2162 3075; x_wconf 84' lang='lat' dir='ltr'>jam</span> 
     </span>
     <span class='ocr_line' id='line_1_17' title="bbox 340 3087 2162 3203; baseline 0.004 -22"><span class='ocrx_word' id='word_1_153' title='bbox 340 3092 475 3181; x_wconf 84' lang='lat' dir='ltr'>obsita</span> <span class='ocrx_word' id='word_1_154' title='bbox 504 3094 759 3194; x_wconf 84' lang='lat' dir='ltr'>docuerunt,</span> <span class='ocrx_word' id='word_1_155' title='bbox 801 3115 897 3175; x_wconf 87' lang='grc' dir='ltr'><strong>οιιιιι</strong></span> <span class='ocrx_word' id='word_1_156' title='bbox 923 3087 970 3174; x_wconf 91' lang='lat' dir='ltr'>in</span> <span class='ocrx_word' id='word_1_157' title='bbox 997 3090 1076 3195; x_wconf 82' lang='lat' dir='ltr'>iic,</span> <span class='ocrx_word' id='word_1_158' title='bbox 1118 3091 1342 3178; x_wconf 86' lang='lat' dir='ltr'>collabenti</span> <span class='ocrx_word' id='word_1_159' title='bbox 1370 3097 1611 3181; x_wconf 89' lang='lat' dir='ltr'>membrana</span> <span class='ocrx_word' id='word_1_160' title='bbox 1639 3095 1829 3203; x_wconf 86' lang='lat' dir='ltr'>interna,</span> <span class='ocrx_word' id='word_1_161' title='bbox 1872 3115 2061 3186; x_wconf 77' lang='lat' dir='ltr'>euterun¹</span> <span class='ocrx_word' id='word_1_162' title='bbox 2074 3128 2162 3189; x_wconf 91' lang='lat' dir='ltr'>non</span> 
     </span>
     <span class='ocr_line' id='line_1_18' title="bbox 340 3232 1576 3346; baseline 0 -24"><span class='ocrx_word' id='word_1_163' title='bbox 340 3249 503 3322; x_wconf 84' lang='lat' dir='ltr'>tanoun</span> <span class='ocrx_word' id='word_1_164' title='bbox 530 3233 696 3346; x_wconf 72' lang='lat' dir='ltr'>acgida</span> <span class='ocrx_word' id='word_1_165' title='bbox 724 3246 913 3318; x_wconf 85' lang='lat' dir='ltr'>maneret</span> <span class='ocrx_word' id='word_1_166' title='bbox 934 3233 1016 3318; x_wconf 80' lang='lat' dir='ltr'>ced</span> <span class='ocrx_word' id='word_1_167' title='bbox 1044 3232 1177 3346; x_wconf 77' lang='lat' dir='ltr'>magia</span> <span class='ocrx_word' id='word_1_168' title='bbox 1196 3233 1321 3319; x_wconf 82' lang='lat' dir='ltr'>&#39;tondi</span> <span class='ocrx_word' id='word_1_169' title='bbox 1349 3235 1576 3322; x_wconf 85' lang='lat' dir='ltr'>videretur.</span> 
     </span>
    </p>

    <p class='ocr_par' dir='ltr' id='par_1_6' title="bbox 335 3375 2170 4774">
     <span class='ocr_line' id='line_1_19' title="bbox 493 3375 2164 3494; baseline 0.007 -30"><span class='ocrx_word' id='word_1_170' title='bbox 493 3379 765 3465; x_wconf 86' lang='lat' dir='ltr'>Membranas</span> <span class='ocrx_word' id='word_1_171' title='bbox 806 3375 1039 3462; x_wconf 79' lang='lat' dir='ltr'>accuratius</span> <span class='ocrx_word' id='word_1_172' title='bbox 1068 3378 1360 3489; x_wconf 78' lang='lat' dir='ltr'>perlustrando</span> <span class='ocrx_word' id='word_1_173' title='bbox 1388 3378 1640 3466; x_wconf 80' lang='lat' dir='ltr'>exteriorem</span> <span class='ocrx_word' id='word_1_174' title='bbox 1667 3381 1917 3494; x_wconf 79' lang='lat' dir='ltr'>pellucidam</span> <span class='ocrx_word' id='word_1_175' title='bbox 1943 3385 2086 3473; x_wconf 80' lang='lat' dir='ltr'>inveni</span> <span class='ocrx_word' id='word_1_176' title='bbox 2121 3404 2164 3475; x_wconf 90' lang='lat' dir='ltr'>ct</span> 
     </span>
     <span class='ocr_line' id='line_1_20' title="bbox 341 3517 2164 3636; baseline -0.007 -26"><span class='ocrx_word' id='word_1_177' title='bbox 341 3520 570 3610; x_wconf 83' lang='lat' dir='ltr'>tuberculis</span> <span class='ocrx_word' id='word_1_178' title='bbox 611 3519 791 3609; x_wconf 85' lang='lat' dir='ltr'>minimis</span> <span class='ocrx_word' id='word_1_179' title='bbox 832 3517 1159 3636; x_wconf 80' lang='lat' dir='ltr'>semipellucidia</span> <span class='ocrx_word' id='word_1_180' title='bbox 1198 3517 1399 3625; x_wconf 80' lang='lat' dir='ltr'>obsitam,</span> <span class='ocrx_word' id='word_1_181' title='bbox 1435 3520 1581 3632; x_wconf 82' lang='lat' dir='ltr'>primis</span> <span class='ocrx_word' id='word_1_182' title='bbox 1622 3520 1766 3609; x_wconf 83' lang='lat' dir='ltr'>forsan</span> <span class='ocrx_word' id='word_1_183' title='bbox 1805 3523 2000 3616; x_wconf 85' lang='lat' dir='ltr'>villorum</span> <span class='ocrx_word' id='word_1_184' title='bbox 2034 3529 2164 3616; x_wconf 75' lang='lat' dir='ltr'>vem.</span> 
     </span>
     <span class='ocr_line' id='line_1_21' title="bbox 345 3663 2166 3777; baseline 0.004 -28"><span class='ocrx_word' id='word_1_185' title='bbox 345 3663 450 3777; x_wconf 73' lang='lat' dir='ltr'>giis,</span> <span class='ocrx_word' id='word_1_186' title='bbox 480 3663 606 3750; x_wconf 79' lang='lat' dir='ltr'>nimia</span> <span class='ocrx_word' id='word_1_187' title='bbox 629 3665 745 3750; x_wconf 86' lang='lat' dir='ltr'>enim</span> <span class='ocrx_word' id='word_1_188' title='bbox 774 3667 1079 3767; x_wconf 85' lang='lat' dir='ltr'>adhaerebant,</span> <span class='ocrx_word' id='word_1_189' title='bbox 1109 3685 1236 3770; x_wconf 88' lang='lat' dir='ltr'>quam</span> <span class='ocrx_word' id='word_1_190' title='bbox 1270 3685 1380 3769; x_wconf 85' lang='lat' dir='ltr'>quae</span> <span class='ocrx_word' id='word_1_191' title='bbox 1413 3688 1492 3773; x_wconf 92' lang='lat' dir='ltr'>pro</span> <span class='ocrx_word' id='word_1_192' title='bbox 1527 3665 1786 3775; x_wconf 76' lang='lat' dir='ltr'>corpusculis</span> <span class='ocrx_word' id='word_1_193' title='bbox 1822 3670 2037 3757; x_wconf 82' lang='lat' dir='ltr'>extraneis</span> <span class='ocrx_word' id='word_1_194' title='bbox 2077 3670 2166 3758; x_wconf 85' lang='lat' dir='ltr'>for-</span> 
     </span>
     <span class='ocr_line' id='line_1_22' title="bbox 341 3804 2166 3918; baseline 0.004 -26"><span class='ocrx_word' id='word_1_195' title='bbox 341 3807 464 3894; x_wconf 83' lang='lat' dir='ltr'>tuito</span> <span class='ocrx_word' id='word_1_196' title='bbox 479 3805 743 3918; x_wconf 82' lang='lat' dir='ltr'>agglutinatis</span> <span class='ocrx_word' id='word_1_197' title='bbox 772 3807 1038 3893; x_wconf 75' lang='grc' dir='ltr'>ΙιοΙιοοιιιιιι.Ι</span> <span class='ocrx_word' id='word_1_198' title='bbox 1086 3804 1299 3888; x_wconf 81' lang='grc' dir='ltr'><strong>Νιιιιιοιιιι</strong></span> <span class='ocrx_word' id='word_1_199' title='bbox 1341 3827 1487 3889; x_wconf 88' lang='lat' dir='ltr'>comm</span> <span class='ocrx_word' id='word_1_200' title='bbox 1522 3829 1677 3916; x_wconf 84' lang='lat' dir='ltr'>parvus</span> <span class='ocrx_word' id='word_1_201' title='bbox 1714 3821 1758 3891; x_wconf 84' lang='lat' dir='ltr'>et</span> <span class='ocrx_word' id='word_1_202' title='bbox 1786 3807 1849 3892; x_wconf 90' lang='lat' dir='ltr'>uti</span> <span class='ocrx_word' id='word_1_203' title='bbox 1877 3808 2011 3898; x_wconf 85' lang='lat' dir='ltr'>forma</span> <span class='ocrx_word' id='word_1_204' title='bbox 2040 3812 2166 3899; x_wconf 85' lang='lat' dir='ltr'>valde</span> 
     </span>
     <span class='ocr_line' id='line_1_23' title="bbox 344 3946 2166 4042; baseline 0.003 -6"><span class='ocrx_word' id='word_1_205' title='bbox 344 3949 583 4036; x_wconf 77' lang='lat' dir='ltr'>variabilia:</span> <span class='ocrx_word' id='word_1_206' title='bbox 633 3947 938 4036; x_wconf 69' lang='lat' dir='ltr'>Mannum</span> <span class='ocrx_word' id='word_1_207' title='bbox 967 3946 1212 4033; x_wconf 71' lang='grc' dir='ltr'><strong>οοιιίιοιοιιι</strong></span> <span class='ocrx_word' id='word_1_208' title='bbox 1242 3969 1335 4031; x_wconf 81' lang='lat' dir='ltr'>case</span> <span class='ocrx_word' id='word_1_209' title='bbox 1362 3947 1504 4030; x_wconf 80' lang='lat' dir='ltr'>nullus</span> <span class='ocrx_word' id='word_1_210' title='bbox 1527 3946 1686 4034; x_wconf 88' lang='lat' dir='ltr'>dubito.</span> <span class='ocrx_word' id='word_1_211' title='bbox 1746 3949 1820 4036; x_wconf 84' lang='lat' dir='ltr'>llis</span> <span class='ocrx_word' id='word_1_212' title='bbox 1843 3955 1930 4037; x_wconf 82' lang='lat' dir='ltr'>suh·</span> <span class='ocrx_word' id='word_1_213' title='bbox 1943 3954 2166 4042; x_wconf 83' lang='lat' dir='ltr'>micrcsco-</span> 
     </span>
     <span class='ocr_line' id='line_1_24' title="bbox 346 4085 2167 4208; baseline 0.002 -32"><span class='ocrx_word' id='word_1_214' title='bbox 346 4091 417 4208; x_wconf 89' lang='lat' dir='ltr'>pio</span> <span class='ocrx_word' id='word_1_215' title='bbox 446 4094 621 4178; x_wconf 88' lang='lat' dir='ltr'>multum</span> <span class='ocrx_word' id='word_1_216' title='bbox 650 4091 928 4204; x_wconf 84' lang='lat' dir='ltr'>amplificante</span> <span class='ocrx_word' id='word_1_217' title='bbox 963 4092 1069 4176; x_wconf 81' lang='lat' dir='ltr'>duae</span> <span class='ocrx_word' id='word_1_218' title='bbox 1110 4086 1291 4174; x_wconf 69' lang='lat' dir='ltr'>dicerem</span> <span class='ocrx_word' id='word_1_219' title='bbox 1318 4085 1486 4174; x_wconf 79' lang='lat' dir='ltr'>ahiulaa</span> <span class='ocrx_word' id='word_1_220' title='bbox 1515 4090 1802 4177; x_wconf 85' lang='lat' dir='ltr'>concentrloac</span> <span class='ocrx_word' id='word_1_221' title='bbox 1830 4117 1889 4177; x_wconf 88' lang='lat' dir='ltr'>ac·</span> <span class='ocrx_word' id='word_1_222' title='bbox 1910 4095 1947 4180; x_wconf 84' lang='lat' dir='ltr'>si</span> <span class='ocrx_word' id='word_1_223' title='bbox 1976 4121 2032 4180; x_wconf 86' lang='lat' dir='ltr'>ex</span> <span class='ocrx_word' id='word_1_224' title='bbox 2061 4095 2167 4179; x_wconf 83' lang='lat' dir='ltr'>‹loa-</span> 
     </span>
     <span class='ocr_line' id='line_1_25' title="bbox 345 4229 2168 4346; baseline 0 -23"><span class='ocrx_word' id='word_1_225' title='bbox 345 4241 427 4324; x_wconf 84' lang='lat' dir='ltr'>bua</span> <span class='ocrx_word' id='word_1_226' title='bbox 454 4233 621 4320; x_wconf 79' lang='lat' dir='ltr'>laminis</span> <span class='ocrx_word' id='word_1_227' title='bbox 650 4235 829 4321; x_wconf 85' lang='lat' dir='ltr'>conflata</span> <span class='ocrx_word' id='word_1_228' title='bbox 857 4247 981 4320; x_wconf 80' lang='lat' dir='ltr'>esset.</span> <span class='ocrx_word' id='word_1_229' title='bbox 1042 4229 1149 4317; x_wconf 83' lang='lat' dir='ltr'>Cum</span> <span class='ocrx_word' id='word_1_230' title='bbox 1174 4254 1276 4318; x_wconf 83' lang='lat' dir='ltr'>vcro</span> <span class='ocrx_word' id='word_1_231' title='bbox 1305 4229 1486 4341; x_wconf 79' lang='lat' dir='ltr'>simplex</span> <span class='ocrx_word' id='word_1_232' title='bbox 1514 4235 1755 4316; x_wconf 88' lang='lat' dir='ltr'>membrana</span> <span class='ocrx_word' id='word_1_233' title='bbox 1784 4233 2028 4346; x_wconf 78' lang='lat' dir='ltr'>sphaerica,</span> <span class='ocrx_word' id='word_1_234' title='bbox 2058 4260 2168 4346; x_wconf 84' lang='lat' dir='ltr'>quac</span> 
     </span>
     <span class='ocr_line' id='line_1_26' title="bbox 335 4369 2169 4491; baseline 0.002 -28"><span class='ocrx_word' id='word_1_235' title='bbox 335 4378 556 4486; x_wconf 41' lang='lat' dir='ltr'>‘utrimque</span> <span class='ocrx_word' id='word_1_236' title='bbox 585 4401 727 4462; x_wconf 70' lang='grc' dir='ltr'><strong>ιιιοιο</strong></span> <span class='ocrx_word' id='word_1_237' title='bbox 761 4377 891 4462; x_wconf 88' lang='lat' dir='ltr'>habet</span> <span class='ocrx_word' id='word_1_238' title='bbox 924 4372 1196 4488; x_wconf 83' lang='lat' dir='ltr'>pellucidam,</span> <span class='ocrx_word' id='word_1_239' title='bbox 1234 4369 1272 4458; x_wconf 83' lang='lat' dir='ltr'>ci</span> <span class='ocrx_word' id='word_1_240' title='bbox 1307 4373 1386 4456; x_wconf 80' lang='lat' dir='ltr'>cub</span> <span class='ocrx_word' id='word_1_241' title='bbox 1421 4370 1695 4484; x_wconf 84' lang='lat' dir='ltr'>mioroacopic</span> <span class='ocrx_word' id='word_1_242' title='bbox 1730 4376 1854 4461; x_wconf 84' lang='lat' dir='ltr'>valdo</span> <span class='ocrx_word' id='word_1_243' title='bbox 1889 4377 2169 4491; x_wconf 80' lang='lat' dir='ltr'>amplificante</span> 
     </span>
     <span class='ocr_line' id='line_1_27' title="bbox 350 4513 2169 4623; baseline -0.001 -14"><span class='ocrx_word' id='word_1_244' title='bbox 350 4525 622 4623; x_wconf 83' lang='lat' dir='ltr'>observatur,</span> <span class='ocrx_word' id='word_1_245' title='bbox 652 4520 758 4604; x_wconf 82' lang='lat' dir='ltr'>duas</span> <span class='ocrx_word' id='word_1_246' title='bbox 779 4515 1023 4606; x_wconf 13' lang='lat' dir='ltr'>inmane</span> <span class='ocrx_word' id='word_1_247' title='bbox 1053 4513 1251 4601; x_wconf 81' lang='lat' dir='ltr'>exhibeat</span> <span class='ocrx_word' id='word_1_248' title='bbox 1279 4515 1468 4618; x_wconf 81' lang='lat' dir='ltr'>umbras,</span> <span class='ocrx_word' id='word_1_249' title='bbox 1511 4529 1688 4600; x_wconf 83' lang='lat' dir='ltr'>externa</span> <span class='ocrx_word' id='word_1_250' title='bbox 1724 4516 1883 4604; x_wconf 77' lang='lat' dir='ltr'>scilicet</span> <span class='ocrx_word' id='word_1_251' title='bbox 1924 4535 1984 4604; x_wconf 85' lang='grc' dir='ltr'>οι</span> <span class='ocrx_word' id='word_1_252' title='bbox 2001 4519 2169 4607; x_wconf 88' lang='lat' dir='ltr'>interna</span> 
     </span>
     <span class='ocr_line' id='line_1_28' title="bbox 350 4655 2170 4774; baseline 0.001 -25"><span class='ocrx_word' id='word_1_253' title='bbox 350 4663 486 4768; x_wconf 79' lang='lat' dir='ltr'>faeie,</span> <span class='ocrx_word' id='word_1_254' title='bbox 518 4687 576 4748; x_wconf 90' lang='lat' dir='ltr'>ex</span> <span class='ocrx_word' id='word_1_255' title='bbox 603 4662 684 4748; x_wconf 90' lang='lat' dir='ltr'>hac</span> <span class='ocrx_word' id='word_1_256' title='bbox 719 4661 1012 4748; x_wconf 77' lang='lat' dir='ltr'>observatione</span> <span class='ocrx_word' id='word_1_257' title='bbox 1048 4657 1160 4744; x_wconf 86' lang='lat' dir='ltr'>circa</span> <span class='ocrx_word' id='word_1_258' title='bbox 1200 4657 1469 4744; x_wconf 83' lang='lat' dir='ltr'>membranae</span> <span class='ocrx_word' id='word_1_259' title='bbox 1508 4655 1686 4745; x_wconf 74' lang='lat' dir='ltr'>laminas</span> <span class='ocrx_word' id='word_1_260' title='bbox 1726 4657 1833 4750; x_wconf 84' lang='lat' dir='ltr'>nibil</span> <span class='ocrx_word' id='word_1_261' title='bbox 1855 4661 2009 4772; x_wconf 60' lang='lat' dir='ltr'>vcolligi</span> <span class='ocrx_word' id='word_1_262' title='bbox 2026 4687 2170 4774; x_wconf 48' lang='lat' dir='ltr'>*posce</span> 
     </span>
    </p>
   </div>
   <div class='ocr_carea' id='block_1_5' title="bbox 296 5125 2174 5630">
    <p class='ocr_par' dir='ltr' id='par_1_7' title="bbox 296 5125 2173 5630">
     <span class='ocr_line' id='line_1_29' title="bbox 439 5125 2173 5302; baseline 0.003 -24.065"><span class='ocrx_word' id='word_1_263' title='bbox 439 5209 704 5299; x_wconf 55' lang='lat' dir='ltr'>ola-lorum</span> <span class='ocrx_word' id='word_1_264' title='bbox 724 5209 869 5280; x_wconf 73' lang='lat' dir='ltr'>arricctc</span> <span class='ocrx_word' id='word_1_265' title='bbox 954 5232 1089 5302; x_wconf 95' lang='lat' dir='ltr'>p</span> <span class='ocrx_word' id='word_1_266' title='bbox 1052 5206 1546 5294; x_wconf 77' lang='lat' dir='ltr'>rathmncmolum</span> <span class='ocrx_word' id='word_1_267' title='bbox 1513 5211 1985 5301; x_wconf 72' lang='lat' dir='ltr'>onnpnnccaliuhrtm,</span> <span class='ocrx_word' id='word_1_268' title='bbox 2006 5125 2173 5300; x_wconf 61' lang='lat' dir='ltr'>tanitico,</span> 
     </span>
     <span class='ocr_line' id='line_1_30' title="bbox 356 5317 2174 5500; baseline 0 -110"><span class='ocrx_word' id='word_1_269' title='bbox 356 5317 1718 5408; x_wconf 73' lang='lat' dir='ltr'>ccduaqdvumdrchtqturpolt</span> <span class='ocrx_word' id='word_1_270' title='bbox 1741 5321 2174 5500; x_wconf 59' lang='lat' dir='ltr'>temnat-aodhterffncppncit,</span> 
     </span>
     <span class='ocr_line' id='line_1_31' title="bbox 296 5425 2048 5515; baseline -0.001 -17"><span class='ocrx_word' id='word_1_271' title='bbox 296 5427 531 5512; x_wconf 62' lang='lat' dir='ltr'>‚commin</span> <span class='ocrx_word' id='word_1_272' title='bbox 557 5425 1508 5515; x_wconf 79' lang='lat' dir='ltr'>nmqtahbbhbpamtl</span> <span class='ocrx_word' id='word_1_273' title='bbox 1494 5427 2048 5515; x_wconf 53' lang='lat' dir='ltr'>manimobcbmflrtsero</span> 
     </span>
     <span class='ocr_line' id='line_1_32' title="bbox 358 5527 1732 5630; baseline -0.005 -20"><span class='ocrx_word' id='word_1_274' title='bbox 358 5541 487 5610; x_wconf 80' lang='lat' dir='ltr'>cionem</span> <span class='ocrx_word' id='word_1_275' title='bbox 508 5537 597 5630; x_wconf 81' lang='lat' dir='ltr'>juata</span> <span class='ocrx_word' id='word_1_276' title='bbox 618 5535 751 5626; x_wconf 72' lang='lat' dir='ltr'>longino</span> <span class='ocrx_word' id='word_1_277' title='bbox 774 5535 939 5606; x_wconf 76' lang='lat' dir='ltr'>differant.</span> <span class='ocrx_word' id='word_1_278' title='bbox 984 5537 1061 5607; x_wconf 84' lang='lat' dir='ltr'>Ova</span> <span class='ocrx_word' id='word_1_279' title='bbox 1080 5549 1152 5604; x_wconf 85' lang='lat' dir='ltr'>tum</span> <span class='ocrx_word' id='word_1_280' title='bbox 1168 5531 1319 5604; x_wconf 76' lang='lat' dir='ltr'>tenuiora</span> <span class='ocrx_word' id='word_1_281' title='bbox 1343 5532 1695 5628; x_wconf 71' lang='lat' dir='ltr'>cito&#39;oocrcmpcntur.</span> <span class='ocrx_word' id='word_1_282' title='bbox 1729 5527 1732 5538; x_wconf 77' lang='grc'><strong>’</strong></span> 
     </span>
    </p>
   </div>
   <div class='ocr_carea' id='block_1_6' title="bbox 1739 5647 1772 5736">
    <p class='ocr_par' dir='ltr' id='par_1_8' title="bbox 1739 5647 1772 5736">
     <span class='ocr_line' id='line_1_33' title="bbox 1739 5647 1772 5736; baseline 0 0"><span class='ocrx_word' id='word_1_283' title='bbox 1739 5647 1772 5736; x_wconf 76' lang='lat'>2</span> 
     </span>
    </p>
   </div>
   <div class='ocr_carea' id='block_1_7' title="bbox 0 0 2670 6564">
    <p class='ocr_par' dir='ltr' id='par_1_9' title="bbox 0 0 2670 6564">
     <span class='ocr_line' id='line_1_34' title="bbox 0 0 2670 6564; baseline 0 0"><span class='ocrx_word' id='word_1_284' title='bbox 0 0 2670 6564; x_wconf 95' lang='lat' dir='ltr'> </span> 
     </span>
    </p>
   </div>
  </div>
 </body>
</html>
