5284 6572
975 763 1307 776 -..-...
1370 711 1416 798 2,
1462 759 1793 776 ..-.-..

474 952 675 1057 ulteriori
702 967 746 1037 et
768 951 1080 1066 conjunctorum
1109 947 1334 1034 amicoruun
1356 942 1582 1037 Pnn'vosr
1610 966 1651 1036 et
1673 953 1850 1038 flumas
1878 976 1935 1036 ex
1964 965 2153 1061 tempore
2183 965 2304 1034 ante-
2383 912 2387 922 ’

479 1095 646 1183 cedenti
680 1092 888 1208 (Armulcs
918 1093 994 1176 des
1023 1090 1207 1178 sciences
1235 1096 1486 1176 matarellos.
1523 1092 1654 1177 Tome
1678 1091 1799 1206 ΙΙΙ.)
1831 1093 1931 1179 satis
1960 1097 2070 1178 benc
2099 1091 2303 1204 congruit,

478 1238 647 1326 minime
675 1264 776 1324 vero
805 1264 902 1321 cum
930 1233 1100 1344 reliquis
1128 1234 1231 1321 meis
1261 1232 1584 1346 experimentis,
1614 1263 1723 1345 quae
1752 1235 1898 1348 viginti
1934 1250 2113 1345 quatuor
2140 1233 2307 1320 circiter

482 1382 572 1468 dies
599 1381 666 1467 his
695 1379 785 1465 ovis
813 1383 975 1464 darent.
1831 1493 1835 1500 .

632 1523 758 1608 Mitto
788 1521 896 1608 uteri
925 1521 1204 1608 conditionem
1234 1537 1277 1605 et
1307 1519 1472 1624 omnia,
1509 1549 1618 1629 quae
1659 1549 1745 1608 non
1779 1521 1989 1634 pertinent
2026 1523 2081 1606 ad
2117 1518 2308 1632 proposi-

480 1686 569 1755 tum
604 1681 804 1755 nostrum.
872 1666 1012 1753 Ouum
1041 1662 1325 1774 magnitudine
1366 1690 1442 1748 sua
1472 1664 1680 1775 depictum
1708 1664 1857 1752 videtis
1886 1665 2070 1790 Εἰς]
2065 1664 2161 1768 ΙΙ,
2198 1661 2308 1748 binis

483 1809 667 1926 apicibus
695 1807 937 1920 pellucidis,
968 1810 1100 1892 altero
1131 1805 1315 1890 acutiore
1343 1805 1590 1916 praeditum.
1649 1809 1826 1893 Praeter
1855 1807 1994 1919 apices
2022 1823 2155 1892 totum
2185 1833 2308 1891 ovum

482 1953 696 2041 obscurius
725 1968 789 2037 est
818 1950 927 2035 villis
955 1952 1221 2034 membranae
1251 1961 1453 2034 externae
1482 1947 1635 2054 affixis,
1666 1979 1764 2035 nam
1793 1978 1901 2036 zona
1929 1949 2187 2062 placentaria
2216 1976 2308 2032 ma-

482 2096 640 2182 ximam
675 2093 743 2179 ovi
777 2109 937 2207 partem
980 2091 1168 2204 primitus
1197 2090 1349 2202 cingit,
1393 2089 1452 2175 uti
1484 2091 1572 2206 jam
1608 2120 1664 2178 ex
1699 2096 1884 2181 Botanr
1914 2093 2100 2180 iconibus
2129 2106 2306 2177 constat.

484 2237 676 2324 Tunicae
705 2237 814 2322 duae
849 2251 1017 2350 praeter
1046 2234 1184 2346 apices
1213 2233 1314 2319 satis
1344 2232 1498 2320 distant
1528 2251 1571 2321 et
1599 2235 1724 2322 lacile
1754 2235 2056 2323 discernuntur.
2117 2236 2309 2346 Quarum

485 2379 683 2485 exterior,
714 2378 888 2464 clariora
916 2379 1041 2490 vulgo
1066 2377 1191 2482 dicta,
1222 2376 1391 2462 omniuo
1414 2403 1607 2464 vasorum
1631 2407 1784 2491 expers
1808 2378 1930 2466 villos
1949 2405 2112 2492 garena,
2142 2376 2308 2464 tunicae

486 2523 671 2610 corticali
705 2525 775 2607 vel
803 2525 1071 2609 membranae
1110 2517 1334 2631 putaminis
1376 2517 1714 2636 (Sebannamu)
1747 2521 1884 2607 avium
1912 2524 2162 2635 respondet,
2200 2545 2310 2629 quae

485 2693 572 2753 non
600 2664 734 2752 secius
761 2663 882 2751 villos
910 2662 1044 2776 gerit,
1080 2661 1126 2746 in
1154 2677 1263 2750 testa
1292 2662 1472 2748 calcaria
1500 2664 1749 2751 reconditos.
1808 2663 1948 2750 Villos
1977 2663 2133 2768 chorii,
2165 2689 2310 2750 eorum

355 2873 365 2892 .
484 2809 620 2897 torma
660 2807 706 2894 in
744 2807 915 2894 homine
944 2821 986 2891 et
1014 2804 1189 2917 fugitiva
1217 2805 1525 2892 examinatione
1553 2807 1732 2912 seducti,
1763 2805 1984 2895 anatomici
2012 2805 2203 2892 nonmdli
2231 2829 2309 2915 pro

486 2951 612 3039 meris
651 2977 846 3038 vasorum
879 2948 1031 3036 linibus
1059 2951 1129 3034 vel
1164 2976 1242 3062 pro
1278 2975 1473 3036 vasorum
1501 2947 1707 3036 fascictdis
1735 2952 1907 3037 habent.
1968 2952 2109 3062 Quam
2137 2964 2309 3035 senten-

486 3093 587 3180 tiam
615 3092 740 3180 facile
770 3108 813 3180 et
841 3092 886 3178 in
915 3091 1007 3178 aliis
1034 3091 1337 3196 mammalibus,
1367 3091 1486 3178 verbi
1515 3119 1642 3178 cama
1671 3092 1715 3178 in
1744 3094 1889 3181 suibus
1918 3109 1961 3180 et
1990 3091 2307 3194 ruminantibus,

486 3236 750 3323 rebrtandam
778 3261 904 3320 ovum
932 3249 1121 3321 nostrum
1150 3232 1306 3347 optimc
1334 3233 1541 3338 dissolvit,
1571 3261 1670 3320 nam
1698 3235 1820 3322 villos
1851 3235 1922 3322 bic
1950 3262 2006 3322 ex
2036 3239 2121 3322 tela
2152 3234 2308 3322 forma-

486 3380 570 3466 tiva
599 3377 843 3466 constitutos
871 3403 966 3464 esse
994 3375 1086 3464 sine
1113 3403 1307 3464 vasomm
1336 3375 1511 3488 vestigio
1539 3377 1855 3489 microscopium
1884 3393 2005 3464 extra
2040 3374 2310 3464 dubitationis

486 3525 622 3609 aleam
650 3518 767 3634 ponit
796 3516 872 3633 (cf.
896 3517 1001 3631 Fig.
1025 3520 1070 3601 V
1065 3519 1126 3604 ΙΙ
1132 3516 1192 3633 *).
1234 3520 1417 3606 Posthac
1442 3545 1544 3606 vero
1566 3547 1762 3606 vasorum
1784 3520 1911 3608 ramis
1934 3521 2109 3608 iimdum
2132 3519 2310 3607 fertilem

486 3669 703 3780 praebent.
761 3663 881 3748 llanc
908 3663 1199 3747 murtam
1228 3662 1472 3747 wrticalem
1505 3661 1551 3746 in
1579 3679 1791 3774 posterum
1820 3663 2070 3769 nominabo,
2101 3692 2196 3750 cum
2223 3689 2309 3749 vox

487 3807 685 3912 „elma'i“
715 3831 869 3913 anceps
893 3803 959 3908 sit,
991 3819 1034 3890 et
1063 3803 1100 3890 si
1123 3830 1216 3890 eam
1239 3831 1357 3890 more
1375 3804 1497 3892 solito
1522 3804 1722 3892 adbibere
1744 3809 1895 3917 placet,
1924 3807 2023 3893 inde
2047 3811 2101 3892 ab
2126 3833 2177 3894 eo
2201 3822 2310 3892 tem-

487 3975 590 4062 pore
619 3946 892 4048 adhibeatur,
922 3971 1006 4052 quo
1035 3971 1135 4029 vasa
1163 3945 1324 4049 insuunt,
1356 3951 1410 4028 ab
1440 3947 1681 4051 allantoide,
1710 3973 1780 4035 me
1803 3948 1964 4064 judice,
1995 3947 2270 4062 suppeditata.

638 4089 887 4175 Membrana
916 4086 1082 4174 interna
1110 4085 1253 4195 utique
1281 4113 1448 4174 saccum
1476 4087 1750 4194 constituens,
1791 4093 2005 4202 patdrdum
2046 4091 2231 4178 flavescit
2266 4106 2309 4178 et

487 4231 670 4346 granulis
699 4229 916 4342 superficie
944 4256 1020 4315 sua
1050 4228 1216 4316 interna
1245 4228 1381 4316 obsita
1409 4245 1487 4317 est.
1548 4229 1625 4320 llis
1660 4233 1748 4349 jam
1788 4237 2079 4320 mandram
2108 4237 2307 4351 erythro-

487 4374 600 4460 idem
641 4375 709 4457 vel
738 4372 966 4458 oesicrclum
1003 4371 1287 4458 rotabiliculem
1328 4400 1375 4460 se
1415 4377 1578 4484 probat,
1609 4375 1758 4484 quibus
1787 4403 1981 4462 vasorum
2008 4393 2100 4463 rete
2128 4349 2171 4464 et
2199 4376 2308 4465 ratio
2352 4439 2357 4449 -

487 4519 540 4604 ad
571 4518 842 4628 embryonem
872 4511 1045 4600 accedit.
1104 4514 1162 4602 Ut
1190 4513 1358 4600 nomine
1392 4529 1578 4618 utamur,
1608 4519 1720 4624 quod
1758 4533 1802 4605 et
1830 4517 1881 4605 iis
1911 4518 2158 4608 animalibus
2187 4521 2308 4606 adbi-

486 4659 579 4747 beri
608 4656 751 4770 possit,
781 4656 933 4765 quibus
960 4654 1178 4742 umbilicus
1221 4681 1346 4744 verus
1374 4657 1518 4762 deest,
1548 4687 1696 4744 suamc
1725 4659 1984 4748 intertinctae
2014 4659 2306 4778 (limacis)

487 4804 598 4914 apud
627 4829 704 4888 nos
734 4797 889 4886 audiat.

638 4943 835 5053 limbryo,
866 4957 1044 5050 quatuor
1071 4942 1206 5028 lineas
1235 4960 1456 5029 curvatura
1478 4971 1676 5053 aequans,
1706 4945 1815 5032 inter
1844 4947 2031 5032 trmiccm
2060 4950 2307 5038 mnicalem

486 5102 529 5173 et
557 5111 727 5172 succum
755 5081 1041 5168 attestantem
1070 5085 1208 5168 locum
1236 5097 1366 5189 tenet,
1397 5112 1492 5171 cum
1521 5113 1643 5172 sacco
1673 5085 1784 5177 dicto
1812 5088 1871 5174 ita
1895 5105 2113 5178 concretus
2137 5119 2187 5180 ac
2210 5097 2305 5208 pul·

484 5233 549 5315 lus
578 5225 832 5340 gallinaceus
862 5239 1043 5310 exeunte
1073 5223 1142 5310 die
1171 5223 1306 5312 tertio.
1367 5227 1524 5314 Eodem
1542 5231 1667 5317 modo
1690 5247 1810 5341 parte
1839 5259 1914 5317 sua
1938 5233 2169 5345 posteriore
2191 5251 2306 5324 recta

486 5371 571 5484 (23,
601 5365 821 5482 linearum)
853 5365 987 5454 ventri
1018 5381 1163 5480 aperto
1193 5367 1413 5475 incumbit,
1446 5371 1614 5458 dorsum
1638 5373 1726 5487 jam
1756 5375 1941 5462 clausum
1983 5379 2149 5466 amicae
2177 5381 2304 5466 corti·

486 5513 567 5602 oali
597 5511 796 5634 advertit,
826 5527 947 5624 parte
976 5509 1200 5616 anteriore,
1232 5511 1381 5625 vagina
1410 5513 1557 5627 capitis
1586 5517 1782 5617 obtecta,
1814 5519 2078 5608 dextrormm
2107 5537 2150 5608 et
2179 5524 2305 5610 deor-
