5284 6572
830 755 1161 768 --—---
1223 706 1282 792 21

304 969 307 974 ·
344 947 404 1032 tio
445 971 539 1030 cnm
569 943 789 1054 glandulae
830 936 1007 1050 acinis),
1037 940 1200 1027 interna
1241 941 1383 1026 multis
1420 939 1679 1043 eminentiis,
1722 969 1825 1048 qutts
1855 969 1949 1027 cum
1978 943 2091 1054 mgis
2121 959 2164 1028 et

346 1086 455 1172 villis
484 1109 777 1196 componerem
805 1081 1087 1186 crassissimis,
1118 1081 1269 1168 obsita.
1330 1083 1593 1168 Eminentiae
1622 1086 1828 1168 rubebant
1857 1084 1969 1170 vasis
1999 1085 2163 1197 amplis,

341 1230 428 1344 jam
456 1226 578 1312 nudis
606 1225 738 1312 oculis
767 1224 857 1310 sine
892 1223 1115 1340 injectione
1145 1223 1455 1351 apparentibus.
1514 1225 1677 1326 Doleo,
1714 1253 1781 1310 me
1812 1226 1906 1310 alh's
1935 1225 2163 1336 investiga-

345 1369 527 1456 tionibus
567 1371 780 1453 detentum
826 1366 933 1451 haec
972 1392 1150 1477 corpora
1185 1367 1299 1451 lutea
1339 1391 1426 1450 non
1477 1366 1767 1452 delineavisse.
1864 1367 1991 1452 Aliud
2035 1370 2161 1479 paulo

345 1508 580 1622 provectius
608 1509 713 1622 Fig.
745 1507 880 1592 XIV.
911 1507 1085 1594 exhibui
1113 1506 1353 1594 lectoribus.
2110 1509 2112 1514 ’

499 1648 543 1738 5.
604 1650 693 1738 Sed
717 1650 806 1767 jam
835 1664 933 1734 ante
960 1648 1103 1734 auehi
1130 1649 1376 1766 ejectionem
1404 1650 1553 1736 thecae
1580 1663 1758 1736 'stratum
1786 1651 1999 1737 internum
2028 1669 2162 1738 meta-

344 1793 586 1906 morphosin
621 1793 666 1878 in
707 1817 860 1904 corpus
895 1795 1056 1876 luteum
1090 1791 1231 1876 subire
1271 1817 1517 1902 persuasum
1545 1791 1648 1875 mihi
1677 1793 1829 1880 habeo.
1889 1795 1941 1877 ln
1969 1792 2162 1880 cuniculo

344 1939 550 2046 quodam,
580 1935 698 2051 cujus
726 1957 807 2020 ova
834 1931 880 2017 in
909 1949 1030 2018 utero
1053 1932 1141 2048 jam
1166 1931 1383 2047 jacebant,
1413 1933 1555 2019 nescio
1585 1961 1667 2042 quo
1697 1963 1822 2038 casu,
1866 1963 1949 2020 una
1979 1936 2163 2020 vesicula
2249 1967 2254 1976 ·
2307 2027 2310 2038 ,

208 2111 212 2122 ’
342 2080 482 2165 valde·
496 2094 667 2188 turgens
696 2077 833 2160 adhuc
861 2067 1007 2158 clausa
1027 2089 1131 2158 erat.
1191 2076 1397 2185 Apertam
1421 2101 1515 2160 eam
1537 2077 1722 2161 nondum
1747 2076 1875 2162 luisse
1900 2076 2013 2162 ovuli
2036 2103 2163 2188 prae-

248 2327 256 2334 ·
344 2221 478 2308 sentia
519 2215 833 2305 demonstravit.
906 2213 1065 2327 Corpus
1094 2220 1255 2301 luteum
1284 2230 1399 2300 certe
1427 2231 1569 2299 tamen
1597 2216 1731 2304 adfuit
1760 2244 2009 2328 quamquam
2039 2234 2164 2304 tenue

223 2405 228 2416 ·
344 2380 387 2450 et
417 2362 506 2456 sine
536 2357 832 2447 excrescentiis
860 2356 1050 2444 internis.
1109 2359 1228 2443 ldem
1255 2357 1308 2442 in·
1331 2356 1523 2444 vesictdis
1553 2357 1725 2471 turgidis
1748 2387 1969 2472 porcarum
1992 2387 2060 2445 me
2083 2365 2161 2445 ob·

345 2530 534 2592 servasse
562 2501 753 2615 puto‚·in
781 2499 932 2609 quillus
960 2515 1135 2584 stratum
1163 2499 1374 2584 internum
1402 2500 1551 2587 thecae
1580 2499 1852 2588 incrassatrun
1881 2517 1924 2587 et
1948 2479 2161 2613 pauhdnrn

345 2655 409 2734 ex'
423 2650 546 2732 *luteo
575 2649 731 2732 rubens
759 2641 913 2728 inveni.
975 2640 1138 2754 Corpus
1167 2643 1325 2727 luteum
1354 2640 1400 2726 in
1429 2640 1570 2728 suibus
1601 2642 1715 2728 enim
1737 2671 1949 2752 nunquam
1970 2669 2072 2728 vere
2095 2645 2162 2727 lu-

267 2775 272 2910 j
341 2799 457 2876 teum
486 2803 563 2873 est.
624 2787 740 2872 Ante
769 2782 971 2896 stigmatis
1000 2793 1238 2895 aperntram
1265 2783 1433 2870 latescit
1460 2784 1643 2892 quidem,
1673 2786 1749 2870 sed
1779 2801 1873 2897 post
1909 2785 2048 2871 nuclei
2076 2785 2163 2901 eje-

343 2931 523 3018 ctionem
552 2933 725 3016 rubrum
753 2928 814 3011 lit.
873 2927 1063 3010 Eundem
1092 2926 1274 3012 colorem
1302 2923 1347 3010 in
1376 2925 1550 3010 canibus
1578 2929 1734 3030 babet3
1776 2927 1828 3011 in·
1856 2955 1983 3013 vacca
2023 2930 2161 3014 luteo-

344 3072 629 3159 aurantiacum
653 3084 743 3170 est;
772 3067 819 3153 in
841 3067 1010 3154 homine
1032 3068 1077 3154 in
1101 3065 1329 3181 primordio
1352 3067 1518 3154 haum.
1579 3068 1816 3179 Quemnam
1840 3074 2022 3156 colorem
2044 3068 2161 3180 post·

343 3219 424 3302 hac
453 3212 497 3298 in
527 3210 683 3297 semina
712 3211 895 3296 humane
930 3209 1097 3312 babeat,
1126 3232 1214 3293 non
1243 3208 1345 3295 satis
1374 3224 1571 3319 expertus
1601 3237 1693 3294 sum
1722 3211 1767 3296 in
1796 3211 1948 3298 ovariis
1962 3217 1964 3224 “
1977 3189 2161 3296 recenti·

343 3364 435 3445 bus.
507 3356 760 3440 Persuasum
802 3347 903 3462 er'go
944 3351 1108 3454 babeo,
1133 3349 1222 3466 jam
1263 3366 1455 3462 ungente
1496 3351 1679 3438 vesicula
1722 3351 1945 3440 Graaliana
1986 3349 2162 3438 stratum

343 3504 494 3584 thecae
530 3496 740 3580 internum
780 3492 1003 3578 incrassari
1040 3507 1108 3596 et,
1139 3490 1326 3604 disrupto
1353 3492 1546 3598 indtuio,
1576 3521 1602 3578 a
1631 3509 1762 3580 strato
1791 3510 1968 3581 externo
1998 3511 2042 3579 et
2071 3486 2160 3578 am-

343 3641 486 3727 biente
514 3639 601 3722 tela
629 3638 828 3721 cellulosa
863 3660 974 3719 nuno
1002 3659 1050 3720 se
1085 3633 1427 3721 contrahentibus
1456 3634 1642 3746 crispari,
1672 3637 1785 3720 unde
1813 3662 1942 3746 rugae
1966 3635 2054 3751 jam
2083 3617 2162 3720 nirss

343 3796 514 3870 scuntur
543 3777 762 3880 internae,
792 3802 901 3885 quae
929 3791 1072 3862 tamen
1101 3774 1237 3861 subito
1265 3775 1447 3891 majores
1476 3778 1785 3863 excrescentias
1814 3779 2052 3889 propellunt
2080 3758 2162 3862 vtlss

341 3922 394 4010 lis
423 3918 616 4007 marrimis
645 3917 819 4020 similes,
850 3933 894 4004 et
929 3931 1143 4030 postremo
1178 3916 1290 4002 inter
1318 3943 1365 4003 se
1395 3920 1620 4004 confluunt.
1679 3920 1746 4003 Ex
1774 3919 1959 4028 quolibet
1988 3915 2163 4004 aneria-

343 4093 435 4151 rutn
477 4064 560 4146 line
596 4061 642 4144 in
682 4075 859 4146 stratum
891 4061 1102 4146 intermun
1140 4075 1389 4172 penetrante
1417 4087 1529 4148 nunc
1557 4060 1777 4148 retianum
1807 4089 1981 4172 parvum
2010 4087 2161 4148 excre-
2255 4071 2259 4078 ’

343 4193 526 4295 scentiae
555 4200 705 4309 cuique
732 4200 930 4288 nascitur.
1869 4215 1871 4220 ’

494 4345 540 4434 6.
599 4346 723 4430 llaud
752 4342 888 4429 minus
916 4342 962 4428 in
991 4342 1186 4429 vesicrdis
1213 4343 1398 4455 porcinis
1426 4348 1620 4432 morbose
1647 4350 1778 4433 multo
1814 4348 1989 4433 humore
2032 4345 2162 4460 (non-

342 4515 553 4598 nunquam
582 4490 637 4571 ad
667 4486 737 4573 ovi
766 4485 986 4598 gallinacei
1014 4482 1186 4574 minoris
1215 4483 1437 4601 ambitum)
1480 4487 1674 4594 distemh
1712 4491 1861 4574 thecae
1890 4504 2064 4575 strautm
2091 4487 2161 4572 in-

344 4651 511 4720 ternum
549 4626 740 4739 corporis
779 4627 884 4712 lutei
923 4627 1108 4736 indolem
1147 4628 1296 4748 induit.
1370 4627 1611 4716 crassitiem
1652 4631 1892 4716 semilineae
1929 4647 2160 4716 assecutum

344 4775 456 4862 vidi:
487 4799 586 4857 num
615 4769 794 4857 sortasse
823 4793 1001 4878 corpora
1030 4773 1143 4854 lutea
1172 4770 1402 4882 hydropica
1431 4799 1511 4856 nec
1539 4771 1749 4857 vesiculae
1777 4769 2031 4858 morbosae?
2086 4764 2101 4777 '‘
2150 4769 2153 4778 ’

496 4915 542 5001 7.
602 4912 769 5023 Quibus
798 4909 1156 5022 disquisitionibus
1184 4926 1232 4993 ut
1260 4912 1384 4995 linem
1414 4911 1650 5022 imponam,
1689 4910 1866 4997 all'eram
1894 4914 2065 5008 tandem
2093 4939 2161 4999 me

342 5060 389 5146 in
418 5060 557 5168 puella
585 5052 808 5139 libidinosa
838 5052 988 5138 thecae
1015 5067 1190 5137 stratum
1218 5050 1428 5138 internum
1457 5051 1666 5139 vesiculae
1696 5056 1834 5140 adhuc
1874 5057 2041 5141 olamae
2072 5055 2160 5172 jam

343 5199 512 5289 omnino
553 5199 705 5282 llavum
747 5194 915 5280 vidisse.
987 5195 1037 5277 hr
1077 5193 1161 5279 alia
1198 5197 1364 5306 puella,
1407 5221 1515 5303 quae
1555 5195 1680 5282 morti
1708 5223 1755 5283 se
1784 5199 1984 5302 dederat,
2014 5194 2161 5309 procul

343 5343 471 5430 dubio
507 5342 577 5426 ob·
603 5337 839 5426 inchoatam
880 5335 1171 5448 graviditatem
1207 5361 1358 5446 eorpus
1399 5340 1555 5422 luteum
1596 5337 1737 5424 inveni
1767 5355 1972 5451 apernrm.
2033 5333 2159 5455 Cujus

343 5485 524 5586 cavitas,
566 5480 730 5567 ratione
765 5481 819 5564 ad
856 5478 1079 5564 vesicrdam
1123 5476 1290 5580 lmbita,
1332 5478 1465 5592 major
1506 5494 1597 5564 erat
1636 5506 1761 5588 quam
1791 5479 1835 5564 in
1865 5482 1952 5567 ullo
1983 5506 2159 5592 corpore
