5236 6582
785 672 1621 758 --.....17-.-....-.-

296 907 509 1020 spissiori,
539 935 638 994 nam
666 907 799 1023 major
826 907 1049 1018 quantitas,
1079 885 1246 1016 prolem
1274 906 1440 1019 saepius
1469 933 1527 993 ex
1555 907 1742 1019 pluribus
1766 908 1957 996 vesiculis
1985 913 2120 1004 suillis

295 1052 419 1135 valde
449 1049 625 1162 turgidis
643 1050 807 1162 collegi,
838 1053 1074 1168 placentam
1096 1077 1239 1135 veram
1264 1066 1308 1136 et
1332 1077 1524 1165 ιιιιιςιιιιιιι
1551 1050 1720 1158 quidem
1744 1051 1938 1140 secernit.
1993 1057 2119 1145 Ova·

294 1191 360 1294 rio
390 1191 567 1300 coctioni
602 1191 789 1316 subjecto
824 1193 975 1278 hrunor
1009 1191 1286 1278 vesicudarum
1314 1193 1482 1304 penitus
1511 1191 1742 1278 indurescit
1771 1191 1815 1276 in
1832 1221 2023 1308 massam
2053 1203 2117 1284 al-

296 1332 453 1458 bumini
481 1348 600 1440 cocto
630 1361 755 1441 quam
785 1332 1062 1437 simillimam,
1105 1361 1214 1442 quae
1243 1335 1431 1447 disrupta
1463 1336 1612 1420 eodem
1642 1333 1734 1419 sere
1763 1337 1888 1420 modo
1918 1364 1967 1422 ac
1996 1343 2117 1426 albu·

294 1502 392 1588 men
420 1492 583 1562 oocuun
612 1477 875 1586 superficiem
904 1474 1091 1562 striatam
1120 1475 1306 1590 exhibet.
1367 1478 1419 1561 ln
1447 1475 1598 1588 spiritu
1626 1475 1716 1582 vini
1748 1476 1888 1584 utique
1918 1456 2113 1589 durescit,

293 1619 369 1720 sed
396 1616 536 1730 potius
564 1616 609 1701 in
638 1643 816 1718 massam
844 1621 1102 1729 gramdoso-
1079 1620 1376 1710 -..11(ιιοοιιιιιι
1409 1618 1617 1704 Fluidum
1644 1617 1834 1702 uotiuum
1864 1645 1963 1730 ergo
1990 1626 2112 1710 albu-

294 1759 500 1870 minosum
529 1775 606 1845 est.

299 1993 319 2016 ¹
443 1902 489 1986 7.
549 1900 699 1989 Fluido
735 1901 896 1989 mnatat
924 1905 991 1989 vel
1021 1902 1238 2016 impositus
1274 1920 1337 1994 est
1372 1901 1513 1988 durus
1548 1897 1621 1988 ille
1650 1859 1912 2014 proligerru,
1944 1906 2110 2017 dequo

292 1987 434 2143 locuti
460 2070 627 2147 sumus,
671 2060 714 2130 et
755 2049 948 2130 cumcuim
978 2071 1035 2130 ex
1064 2046 1193 2131 dense
1223 2045 1382 2158 stipatis
1413 2044 1596 2168 granulis
1625 2043 1805 2131 conflati.
1865 2046 1981 2132 Haec
2010 2075 2108 2158 gra·

289 2190 390 2271 nuda
415 2184 607 2282 albedine
632 2202 792 2271 tantum
816 2191 870 2272 ab
893 2185 1078 2272 humoris
1102 2188 1287 2294 granulis
1318 2186 1513 2298 descripti
1536 2213 1700 2296 semper
1722 2184 1934 2271 dill'errmt.
1995 2189 2109 2278 Tum

288 2322 568 2414 minoratum
598 2328 756 2442 maj0ra
785 2328 874 2414 visa
904 2344 1019 2430 sunt;
1050 2329 1105 2412 de
1134 2327 1372 2418 differentia
1397 2326 1702 2440 magnitudinis
1714 2326 1819 2410 nihil
1845 2342 2029 2415 statuere
2053 2338 2107 2419 ob

290 2496 385 2556 eam
414 2495 582 2554 caussam
611 2471 759 2562 audeo.
819 2469 978 2576 Dianas
997 2471 1250 2604 prolrgerus
1278 2473 1391 2557 haud
1422 2471 1480 2556 ita
1517 2497 1613 2555 raro
1654 2467 1875 2564 halouibus
1911 2471 2107 2560 tenuibus

287 2625 467 2698 notatum.
502 2610 761 2722 Maximum
794 2612 1047 2724 balonem'
1032 2640 1078 2697 m
1113 2611 1308 2722 erinaceo
1345 2613 1674 2698 vidi.N1dlum
1702 2608 1858 2718 animal
1887 2617 2106 2700 mummola

288 2752 354 2852 bis
376 2709 581 2866 partibus
589 2779 735 2843 carere
759 2753 1034 2840 vesiotdarum
1053 2753 1371 2848 Graafiauarum
1399 2751 1585 2842 discissio
1614 2755 1692 2838 sub
1710 2779 1831 2866 aqua
1861 2767 1904 2837 et
1900 2739 2105 2864 diligens

288 2879 489 2996 humoris,
513 2895 781 3011 perlustratio
817 2899 894 2980 sub
930 2898 1043 2981 lente
1072 2899 1142 2982 vel
1170 2895 1444 3008 microscopio
1473 2899 1608 2985 docet.
1667 2895 1869 3008 Attamen
1884 2898 2105 3002 ‚quomodo

289 3053 332 3125 et
372 3063 554 3144 quonam
593 3039 688 3128 loco
729 3037 836 3122 sitae
872 3036 980 3140 sint,
1022 3038 1135 3122 haud
1175 3037 1236 3123 ita
1275 3035 1400 3122 facile
1436 3037 1607 3122 eruinur.
1666 3037 1778 3121 Nam
1805 3034 1852 3152 iu
1881 3037 1971 3124 sola
2000 3065 2105 3132 cane

288 3181 547 3266 translucere
583 3180 691 3265 solet
720 3183 888 3266 ovulum
917 3206 1012 3263 oum
1041 3178 1157 3266 disco
1187 3203 1277 3266 suo.
1338 3179 1389 3262 ln
1417 3177 1527 3264 binis
1564 3177 1717 3265 ovariis
1753 3175 1885 3269 suillis
1922 3205 1948 3262 a
1982 3183 2105 3264 tuba-

273 3350 383 3444 ¹rum
412 3321 631 3435 epistomio
660 3319 855 3408 involutis
886 3321 1019 3434 (inter
1047 3323 1215 3407 cenunn
1242 3320 1333 3408 fere
1362 3348 1388 3405 a
1418 3347 1485 3406 me
1515 3318 1776 3431 examinata)
1795 3297 1932 3434 'etiam
1957 3318 2105 3406 distin-

288 3480 355 3550 cte
384 3490 462 3576 per
490 3466 654 3584 thecam
684 3480 727 3550 et
748 3463 960 3550 indusium
982 3463 1184 3579 majorum
1207 3462 1483 3550 vesicularum
1506 3475 1802 3576 apparuerunt.
1853 3461 1912 3564 ln
1932 3461 2105 3572 reliquis

289 3605 462 3710 ovariis,
491 3605 590 3720 licet
619 3605 703 3690 alia
731 3608 935 3692 nonnulla
964 3609 1091 3692 tubae
1121 3607 1339 3716 amplexae
1369 3621 1516 3710 erant,
1558 3631 1772 3712 nunquam
1800 3602 1888 3687 vidi
1915 3602 1997 3696 nisi
2039 3605 2106 3689 in-

289 3748 462 3834 cisione.
531 3743 637 3831 Gum
676 3773 778 3866 vero
815 3747 904 3862 jam
932 3746 1102 3834 mirina
1136 3747 1289 3832 thecae
1312 3747 1501 3832 laesione
1536 3748 1686 3831 humor
1721 3729 1937 3854 prosiliat,
1967 3745 2106 3829 durus

288 3891 369 3976 hac
397 3888 594 3974 methodo
622 3915 709 3974 non
737 3889 784 3973 in
813 3887 897 3974 situ
925 3891 1185 3974 observattu.
1248 3885 1475 3996 (loquendo
1504 3886 1676 3994 vinique
1705 3885 1854 3999 spiritu
1888 3885 2107 3971 humorem

290 4030 521 4142 coagulavi,
552 4033 627 4116 sed
656 4029 796 4116 duaa
817 4029 1069 4142 proligarua
1098 4029 1363 4142 disparuerat
1390 4056 1486 4115 cum
1514 4031 1654 4115 ovulo.
1727 4026 1891 4137 Spiritu
1926 4026 2108 4135 denique

291 4173 380 4258 vini
407 4169 533 4263 valde
562 4171 695 4260 diluto
723 4170 911 4256 humoris
939 4188 1104 4332 partem
1131 4173 1348 4282 paululum
1376 4170 1553 4282 spissavi
1583 4185 1627 4255 et
1660 4168 1821 4252 ducum
1861 4167 1904 4252 ei
1943 4167 2106 4252 incum-

289 4315 458 4397 bentem
498 4313 612 4415 vidi,
655 4329 702 4399 ut
741 4311 846 4424 Fig.
878 4313 943 4398 X.
985 4311 1118 4424 pinxi.
1178 4313 1338 4400 Locum
1366 4327 1509 4396 tamen
1536 4309 1723 4395 indicare
1751 4335 1837 4394 non
1866 4312 1995 4422 potui.
2055 4314 2107 4397 ln

290 4478 394 4538 cane
422 4453 662 4562 mobilem
648 4454 805 4558 mveui,
836 4456 912 4540 sed
941 4479 1107 4564 semper
1135 4454 1190 4537 ad
1219 4481 1419 4540 cacumen
1446 4451 1578 4564 magis
1600 4478 1727 4558 (ιιιιιιιι
1751 4451 1805 4534 ιι1
1829 4449 2005 4536 1ιιιι(1ιιιιι
2033 4479 2107 4538 ve-

291 4595 448 4716 siculae
479 4595 715 4680 observavi.
773 4597 825 4679 ln
847 4621 973 4707 supra
996 4594 1117 4682 dictis
1142 4582 1295 4682 ovariis
1319 4591 1502 4706 porcinis
1525 4591 1747 4678 immobilis
1777 4605 1871 4675 erat
1894 4606 1937 4676 et
1959 4619 2107 4702 supre-

290 4765 405 4846 mum
434 4737 617 4824 locum
602 4766 648 4822 ιιι
671 4762 932 4845 quacumque
960 4736 1148 4824 vesicula
1168 4725 1323 4839 tenuit,
1354 4763 1437 4844 quo
1464 4733 1608 4821 differt
1636 4761 1662 4836 a
1690 4747 1820 4818 strato
1845 4729 1984 4814 avium
2007 4757 2107 4841 pro-

291 4880 423 4989 ligero
452 4895 500 4963 ut
528 4879 752 4990 plurimum
781 4881 859 4964 sub
889 4877 1095 4987 pedicello
1125 4877 1219 4994 sito.
1294 4873 1399 4962 Cum
1427 4902 1573 4960 omnes
1601 4899 1747 4977 canes,
1777 4897 1882 4979 quas
1912 4871 2107 4976 dissecui‚

292 5035 591 5132 praegnantes,
622 5019 833 5104 vesiculae
863 5045 962 5130 ergo
992 5004 1238 5102 immaturae
1268 5032 1311 5102 et
1330 5003 1507 5101 'clausae
1543 5014 1720 5117 fuerint,
1770 5041 1864 5097 cum
1900 5039 2026 5125 porro
2061 5015 2108 5098 in

293 5162 589 5247 maturioribus
617 5160 812 5247 vesictdis
842 5161 1019 5246 aliorum
1048 5157 1291 5244 animalium
1319 5156 1479 5242 dumam
1508 5156 1779 5270 protegerem
1812 5181 2109 5260 nonnunquam

294 5305 570 5389 ntembrattoe
594 5309 861 5414 ςναιιιιῐοιαι
885 5327 1129 5414 oppressum
1149 5298 1395 5402 invenerim,
1424 5297 1525 5383 inde
1548 5297 1798 5408 colligerem,
1821 5293 1982 5378 ducum
1997 5319 2108 5408 pro-

146 5480 160 5561 ¹=
295 5447 479 5560 ligerum
519 5473 546 5592 c
587 5442 796 5530 vesicudae
834 5440 1071 5528 maturitate
1111 5439 1244 5550 magis
1273 5439 1487 5550 magisque
1515 5439 1614 5524 vehi
1644 5438 1699 5520 ad
1729 5433 2021 5547 peripheriam.
2051 5485 2111 5500 -
