5284 6572
836 697 1690 782 —.-11.-.-...

498 940 549 1024 In
578 939 728 1024 eorlem
756 951 879 1023 utero
907 937 962 1022 ad
991 938 1118 1021 mbae
1148 935 1299 1022 outitnn
1329 937 1549 1047 granuhnn
1578 936 1815 1041 minimum,
1845 937 2040 1026 anenno
2068 937 2170 1028 tero

346 1081 639 1192 conspicuum,
669 1080 805 1166 libere
841 1094 991 1164 natans
1020 1077 1183 1182 inveni,
1221 1079 1333 1186 quod
1370 1077 1643 1189 microsoopio
1685 1078 1915 1196 subjectum
1953 1084 2167 1194 globulum

345 1223 528 1309 medium
570 1249 745 1336 opacum
773 1250 870 1309 cum
898 1223 1052 1308 halone
1081 1224 1150 1306 vel
1178 1220 1420 1332 peripheria
1450 1220 1588 1308 lucida
1618 1222 1874 1308 monstravit.
1934 1214 2088 1336 Ouidi
2128 1227 2167 1314 sl

345 1367 425 1453 boc
454 1371 769 1480 corpusculum,
798 1367 898 1454 licet
937 1365 991 1452 sit
1021 1389 1221 1477 opacmn,
1253 1389 1375 1450 orum
1405 1379 1517 1450 esset
1547 1391 1603 1450 ex
1631 1369 1733 1451 urba
1761 1367 1886 1452 modo
1914 1365 2164 1478 delapsum?

343 1509 380 1594 si
420 1511 612 1621 globulus
653 1537 806 1622 opacus
835 1509 1027 1594 vitellum
1067 1508 1138 1593 uel
1165 1533 1336 1592 coecum
1364 1505 1651 1592 tuestuaum
1680 1507 1863 1594 luturum
1893 1523 1936 1594 et
1965 1509 2161 1622 periphe-

341 1650 725 1738 eenamcenam
754 1651 998 1738 manum
1026 1645 1224 1738 sisteret?
1354 1769 1358 1774 Ι
1990 1633 1994 1640 ’

494 1797 569 1881 llis
611 1795 736 1908 igitur
772 1792 1091 1906 cogitationibus
1133 1792 1333 1903 impulsus
1368 1819 1516 1880 canem
1551 1793 1653 1878 mihi
1688 1797 1957 1906 comparandi
1985 1823 2157 1910 operam

341 1936 453 2042 dedi,
484 1939 600 2054 cujus
631 1965 710 2025 ova
739 1935 784 2021 in
813 1935 923 2022 orbis
952 1937 1089 2022 adbuc
1117 1949 1283 2020 retenta
1307 1951 1460 2022 essent.
1521 1935 1647 2043 Quod
1671 1939 1781 2022 bene
1804 1939 2012 2026 successit.
2074 1940 2156 2029 (la-

338 2107 435 2167 nem
465 2081 577 2166 enim
606 2080 701 2183 emi,
732 2079 777 2165 in
806 2106 889 2190 quo
918 2102 1097 2188 corpora
1119 2078 1233 2163 lutea
1261 2079 1384 2164 valde
1412 2078 1586 2182 hiantia,
1618 2081 1777 2164 nullum
1806 2106 1929 2166 ovum
1951 2081 1997 2167 in
2019 2099 2155 2189 utero,

338 2221 384 2308 in
436 2223 549 2310 tubis
595 2251 698 2312 uero
745 2223 991 2334 corpuscula
1033 2221 1130 2305 albo
1149 2267 1172 2284 -
1190 2219 1455 2306 flavescentia
1501 2219 1644 2306 inveni
1690 2221 2003 2332 punctiiormia,
2045 2255 2154 2336 quae

336 2371 556 2479 granulum
583 2368 709 2452 modo
738 2378 1013 2452 memoratum
1042 2389 1099 2448 ex
1127 2387 1222 2448 asse
1251 2365 1511 2471 aequabant,
1547 2360 1630 2450 nisi
1664 2364 1777 2471 quod
1818 2366 1898 2450 boc
1940 2373 2154 2477 paullulum

337 2508 470 2625 majus
510 2510 646 2596 vistim
682 2523 760 2594 est.
832 2508 913 2592 llla
953 2533 1065 2590 nunc
1105 2504 1236 2590 busim
1276 2504 1523 2592 describam.
1578 2503 1781 2604 ‚Medium
1814 2521 1933 2592 tenet
1960 2509 2152 2619 globulus

254 2695 260 2704 ·
335 2656 413 2740 nub
441 2650 711 2764 microseopio
728 2649 906 2762 *penitus
935 2671 1102 2761 opuclls,
1133 2639 1350 2759 superlicio
1378 2667 1465 2736 non
1491 2645 1601 2734 laevi
1630 2661 1673 2732 et
1701 2647 1867 2756 uoquoli
1895 2651 1972 2736 sed
1996 2677 2153 2764 granu·

334 2796 439 2900 losa,
468 2809 580 2884 totus
607 2794 721 2881 enim
749 2797 941 2905 globurlm
969 2817 995 2879 e
1023 2789 1209 2904 panrrbs
1237 2806 1400 2878 constat
1428 2791 1559 2877 dense
1587 2787 1759 2902 stipatis,
1789 2795 2033 2879 membrana
2061 2795 2153 2884 cin.

334 2953 459 3050 gente
499 2938 574 3023 vix
609 2936 846 3049 conspicua
894 2933 1020 3050 (mg.
1050 2934 1142 3018 111
1165 2929 1240 3046 *.).
1315 2932 1542 3020 Globulum
1582 2932 1830 3037 circumdat,
1878 2932 2151 3051 interjacente

334 3080 469 3193 spatio
497 3079 706 3193 pellucido
736 3093 879 3183 arcto,
909 3074 1147 3189 peripheria
1175 3075 1395 3185 quaenunt,
1426 3089 1559 3162 stratu
1586 3073 1704 3161 tenui
1732 3077 1999 3186 granulorum
2027 3078 2152 3166 mini-

333 3249 496 3310 morum
525 3228 703 3311 obtecta.
774 3223 878 3308 Post
905 3219 1202 3332 nyctbemerae
1230 3205 1551 3306 macerationem
1580 3215 1703 3332 buius
1730 3216 1914 3329 pulveris
1949 3219 2151 3336 majorem

334 3382 500 3482 partem
528 3366 757 3484 sepmctam
784 3345 951 3468 inveni,
982 3387 1066 3470 qno
1095 3359 1206 3447 lacto
1234 3364 1476 3448 membrana
1505 3359 1703 3448 coninua
1744 3371 1788 3445 et
1815 3359 1994 3473 simplex
2034 3363 2151 3450 venit
2194 3445 2197 3456 ,

332 3509 379 3596 in
418 3513 568 3596 lucem.
627 3510 840 3595 Habemus
881 3531 983 3619 ergo
1022 3504 1313 3590 membrum
1340 3503 1588 3590 malentem
1615 3513 1660 3588 et
1687 3503 1900 3616 globultmr
1927 3503 2151 3611 internum,

335 3651 407 3761 (pri
440 3679 542 3737 num
583 3651 696 3738 omni
736 3663 879 3736 aaran
914 3646 1093 3734 multato
1133 3669 1201 3732 me
1230 3646 1527 3759 experimentis
1557 3665 1705 3733 eruere
1733 3665 1820 3731 non
1847 3659 2032 3733 tentasse
2059 3675 2151 3734 ma·

336 3821 520 3908 gnopere
543 3821 657 3881 nunc
679 3795 823 3896 doleo;
842 3841 903 3858 -
921 3788 1078 3877 solidus
1108 3788 1276 3898 quidem
1304 3786 1417 3876 mutu
1446 3801 1524 3891 eet,
1554 3787 1667 3895 quod
1696 3812 1798 3875 vero
1827 3813 1853 3871 a
1882 3789 2152 3898 sequentibus

334 3938 553 4026 refutatur.
614 3937 755 4049 Quem
783 3937 996 4048 globulmn
1025 3932 1238 4018 oesiam
1265 3929 1523 4018 manentia
1551 3926 1793 4042 vestgium,
1824 3933 1893 4017 vel
1921 3927 2058 4043 potius
2086 3931 2152 4017 ui-

199 4069 201 4072 ’
335 4085 482 4169 tellum
511 4105 629 4184 ease,
654 4079 743 4195 jam
772 4090 967 4163 enarratu
995 4077 1186 4163 suadent.

488 4221 602 4308 Mira
630 4237 696 4308 est
724 4245 898 4307 ovonnn
926 4233 1164 4306 nostrorum
1187 4217 1383 4330 parvitas.
1443 4217 1567 4329 Quae
1590 4222 1668 4304 snb
1690 4215 1962 4330 microscopio
1985 4220 2153 4309 metitur

334 4393 452 4472 sunt,
490 4377 541 4458 ἡ
575 4364 713 4451 lineae
748 4377 911 4476 partem
945 4375 1109 4447 tuntum
1144 4358 1347 4446 diametro
1376 4361 1616 4472 explebant.
1675 4357 1820 4446 Niln‘lo
1848 4373 1990 4448 tamen
2017 4362 2154 4450 minus
2206 4466 2209 4476 Α

335 4514 391 4596 ob
433 4506 669 4594 albedinem
705 4509 826 4594 oculo
862 4507 976 4593 nudo
1016 4507 1128 4590 bene
1169 4501 1475 4615 percipimur,
1512 4499 1679 4612 quanm
1716 4500 1886 4590 suntin
1915 4521 2151 4618 conspectu.

334 4650 551 4738 Facillime
586 4675 688 4735 vero
729 4652 923 4760 altubae
957 4646 1072 4758 nugis
1113 4660 1157 4732 et
1197 4644 1535 4763 interjacentibus
1569 4643 1784 4731 valleculio
1813 4647 2018 4731 velantur.
2078 4647 2152 4737 Sic
2209 4731 2212 4738 .

334 4793 457 4882 facile
485 4793 635 4897 fateor,
665 4789 843 4876 metria
872 4803 1034 4875 tantum
1056 4786 1276 4892 invenisse,
1302 4787 1490 4896 quamvis
1519 4811 1576 4872 ex
1598 4811 1820 4896 corporum
1841 4789 2048 4872 luteorum
2071 4816 2153 4875 nu·

335 4963 453 5024 mero
482 4963 561 5022 sex
590 4949 891 5046 exspectarem.
950 4930 1249 5016 Frustraneam
1275 4943 1418 5014 umen
1446 4952 1617 5039 operam
1645 4928 1870 5012 multorum
1898 4927 2153 5018 anatomico-

334 5105 429 5165 rmn
463 5078 510 5163 in
557 5075 647 5165 ovis
685 5075 796 5162 intra
836 5078 959 5160 tubus
999 5071 1251 5182 quraercmliu
1285 5097 1339 5158 eo
1374 5085 1535 5156 tanturn
1570 5067 1784 5182 explicare
1818 5097 2006 5182 possum,
2043 5074 2155 5181 quod

337 5247 411 5309 eos
462 5246 542 5308 ova
577 5217 785 5330 pcllucida
825 5214 1077 5327 pmesivmue
1124 5215 1312 5327 mapieer
1350 5229 1394 5300 et
1433 5213 1533 5299 inde
1568 5237 1670 5298 vera
1711 5212 1962 5325 neglexisse.
2041 5213 2154 5300 Num

336 5391 438 5452 vero
467 5363 513 5449 in
541 5361 732 5450 omnibus
760 5357 1047 5446 mammalibus
1075 5383 1155 5444 ova
1183 5355 1228 5441 in
1256 5355 1368 5442 tubis
1402 5354 1486 5441 sint
1514 5382 1666 5468 opaca,
1696 5353 1852 5440 nescio.
1912 5355 2009 5443 Ova
2033 5355 2155 5442 nuilla

337 5507 383 5596 iu
410 5506 521 5594 tubis
549 5507 764 5613 hucusque
792 5531 878 5592 non
906 5500 994 5586 vidi
1021 5504 1077 5589 ob
1105 5497 1305 5616 majorem
1332 5497 1591 5586 tenuitatem.
1664 5493 1959 5584 Cuniculorum
1994 5526 2075 5588 oua
2111 5499 2155 5586 in

1680 5635 1711 5723 2
1730 5637 1753 5682 fi
