5284 6572
991 679 1803 766 wrm-

495 936 538 1006 et
572 919 845 1006 salamandris
868 920 954 1035 jam
984 919 1140 1004 dudrnn
1167 917 1360 1006 innotuit.
1422 918 1631 1010 Omnibus
1660 945 1760 1032 ergo
1790 919 2040 1008 animalibus
2068 920 2316 1008 vertebratis

494 1062 537 1148 in
573 1078 685 1150 statu
724 1061 843 1148 letali
883 1062 979 1148 talis
1008 1061 1201 1148 convenit
1229 1087 1423 1148 vasorum
1451 1078 1675 1174 apparatus
1705 1080 1748 1149 et
1776 1063 1820 1148 in
1850 1063 2039 1152 omnibus
2063 1069 2141 1150 sub
2170 1062 2317 1177 capitis

493 1222 614 1319 parte
642 1205 863 1320 posteriori
892 1205 996 1292 situs
1025 1220 1114 1310 est,
1146 1205 1207 1290 uti
1237 1205 1355 1290 etin
1383 1219 1528 1290 nostra
1558 1206 1691 1316 ligura
1727 1206 1840 1292 auris
1876 1210 1994 1294 locus
2029 1210 2165 1294 docet.
2226 1209 2315 1294 lnro

494 1349 634 1436 cordis
660 1347 933 1453 ventriculus,
963 1374 1019 1433 ne
1049 1347 1185 1436 dicam
1213 1347 1358 1459 capiti,
1388 1373 1492 1434 sane
1521 1350 1629 1435 collo
1659 1351 1897 1460 respondet.
1959 1352 2098 1439 Arous
2127 1349 2319 1437 arteriosi

494 1491 655 1578 initium
683 1490 910 1604 oesophagi
940 1491 1209 1596 circumdant,
1240 1491 1355 1607 cnjus
1385 1489 1551 1592 aditus,
1594 1491 1679 1577 oris
1709 1495 1847 1578 locum
1875 1509 2050 1599 tenens,
2093 1509 2192 1580 ante
2220 1497 2316 1580 bul-

493 1641 594 1723 bum
628 1637 657 1722 lc
693 1651 861 1748 apertus
890 1634 1001 1720 visus
1031 1651 1108 1720 est.
1169 1632 1328 1746 Spirae
1358 1633 1472 1720 dorsi
1502 1650 1544 1720 et
1572 1636 1793 1720 medullae
1817 1635 1988 1746 spinalis
2017 1663 2112 1722 oum
2141 1639 2316 1724 cerebro

494 1795 736 1866 curvaturas
764 1805 844 1866 nec
883 1806 971 1865 non
1006 1780 1296 1864 vertebrarum
1323 1776 1552 1888 primordia
1580 1777 1638 1863 ita
1667 1805 1736 1864 me
1764 1777 1952 1889 pinxisse
1981 1797 2096 1890 puto,
2126 1796 2174 1866 nt
2202 1807 2316 1866 com·

494 1923 698 2011 mortario
738 1948 825 2011 non
866 1936 1028 2036 egeant.
1088 1920 1221 2007 Auris
1244 1920 1334 2036 jam
1363 1919 1672 2006 distincmsima
1700 1923 1926 2006 medullam
1956 1926 2220 2034 oblongatam
2249 1921 2317 2007 in-

495 2069 618 2173 dicat,
649 2094 774 2178 quae,
804 2065 849 2152 ni
879 2065 1019 2169 fallor,
1049 2063 1186 2150 minus
1206 2091 1231 2149 a
1248 2065 1433 2151 medulla
1452 2061 1602 2175 spinali
1626 2062 1784 2169 differt,
1815 2091 1940 2174 qutun
1963 2065 2008 2152 in
2031 2063 2156 2177 pullis
2179 2064 2318 2150 avium

495 2239 551 2298 ex
581 2213 731 2298 eodem
759 2207 1007 2299 evolutionis
1036 2223 1159 2294 statu.

645 2357 739 2444 Jam
768 2356 822 2441 ad
851 2369 1016 2467 partem
1044 2367 1202 2440 rectam
1230 2368 1505 2440 transeamus.
1566 2353 1815 2442 Intestinum
1843 2369 2001 2460 totum,
2045 2354 2190 2440 ultimo
2232 2353 2317 2438 fine

497 2514 700 2612 excepto,
743 2513 934 2610 apertum
970 2512 1033 2584 est
1063 2511 1192 2582 etex
1222 2521 1316 2582 asse
1345 2494 1587 2582 intestinrnn
1616 2497 1779 2602 avium,
1821 2497 1883 2584 uti
1912 2525 1938 2580 a
1970 2495 2017 2584 C.
2049 2499 2316 2586 Fsrnnsrco

497 2645 686 2729 Wonrr
716 2669 773 2728 ex
803 2640 871 2726 die
900 2638 1025 2727 tertio
1055 2640 1245 2726 absoluto
1275 2637 1543 2726 subtilissime
1572 2640 1847 2744 describiutr,
1885 2656 1929 2726 et
1957 2640 2140 2753 pingitur
2183 2639 2319 2754 (Novi

496 2797 714 2872 comesu.
745 2784 938 2869 modom.
968 2781 1222 2896 Petropolr‘t.
1261 2781 1379 2866 Tom.
1399 2779 1560 2897 xlx),
1590 2783 1733 2869 refert.
1794 2783 2068 2870 Semicanalis
2098 2783 2210 2868 eninr
2239 2798 2318 2886 est,

496 2930 613 3045 cnjus
643 2928 797 3014 fundus
825 2930 942 3014 sulco
970 2924 1054 3012 levi
1081 2923 1262 3029 notatur,
1293 2951 1418 3035 quem
1438 2928 1627 3014 Wonrr
1652 2941 1838 3012 sunnam
1861 2927 2048 3014 nominat
2072 2942 2195 3013 etex
2218 2953 2318 3014 ooa-

497 3073 642 3159 litione
671 3073 848 3156 duarum
877 3067 1081 3183 plicarum
1110 3067 1237 3154 amnii
1266 3069 1332 3154 sui
1361 3066 1492 3182 spurii
1522 3084 1658 3154 ortum
1686 3084 1830 3182 putat,
1868 3069 1941 3178 qni
1970 3097 2072 3157 vero
2101 3069 2202 3157 inde
2232 3070 2317 3157 ori-

497 3233 579 3319 tur,
609 3215 721 3324 quod
751 3218 830 3300 snb
859 3211 1062 3298 rhacbide
1090 3210 1214 3296 binae
1237 3209 1403 3298 taeniae
1427 3211 1539 3296 sacci
1563 3211 1811 3297 intestinalis
1834 3238 1860 3297 e
1885 3212 1967 3298 situ
1994 3211 2244 3300 horizontali
2274 3213 2317 3297 in

498 3359 623 3444 situm
658 3354 1050 3470 perpendicrdarem
1084 3369 1320 3458 vertantur,
1365 3353 1548 3467 parietes
1583 3353 1682 3439 inde
1719 3353 1979 3441 semicanalis
2020 3357 2318 3442 constituentes

499 3504 599 3587 dum
626 3500 826 3615 majorem
855 3497 1085 3584 crassitiem
1112 3496 1311 3601 indurmt,
1342 3513 1386 3583 et
1413 3496 1545 3608 magis
1573 3496 1786 3609 magisque
1816 3501 1968 3609 angulo
2005 3514 2049 3584 et
2077 3498 2318 3586 tenuissimo

499 3661 591 3731 toro
632 3643 852 3728 transitum
892 3640 937 3725 in
977 3667 1143 3728 saccum
1183 3639 1465 3726 intestinalem
1499 3655 1658 3728 notent.
1718 3640 1916 3729 Sectione
1945 3657 2184 3728 transversa
2212 3644 2319 3728 haec

498 3787 654 3900 optime
691 3787 1042 3873 demonstrantur.
1116 3782 1190 3874 Sic
1226 3783 1329 3896 Fig.
1364 3784 1409 3866 V
1403 3784 1466 3868 11
1476 3782 1504 3870 ⁶.
1546 3783 1730 3870 intestini
1765 3784 1940 3870 fundum
1983 3783 2220 3898 (mirram)
2264 3787 2319 3870 ad

488 3930 539 4044 f,
570 3943 613 4014 et
642 3931 853 4038 angulum,
884 3928 939 4013 de
968 3954 1053 4036 quo
1080 3925 1210 4014 locuti
1239 3953 1395 4030 sumus,
1426 3929 1482 4012 ad
1512 3957 1538 4012 e
1567 3926 1752 4014 exhibet.
1812 3928 1862 4009 lrr
1885 3926 1989 4040 Fig.
2013 3943 2156 4013 nostra
2178 3928 2317 4014 711⁶.

341 4177 347 4188 ι
499 4103 525 4158 e
558 4101 591 4186 p
638 4070 793 4156 burdus
830 4071 900 4156 rel
940 4085 1086 4156 sutura
1126 4066 1312 4154 intestini
1348 4084 1438 4172 est,
1476 4069 1684 4178 utrimque
1724 4068 1874 4155 fascias
1909 4073 1978 4156 vel
2018 4069 2180 4157 taenias
2219 4103 2242 4158 s
2276 4085 2318 4174 t,

501 4245 595 4328 qr,
625 4213 809 4302 intestini
837 4211 1047 4301 nascentis
1077 4211 1284 4326 parietes,
1327 4239 1407 4298 acu
1441 4216 1658 4327 paululum
1687 4213 1893 4326 separavi.
1966 4214 2116 4300 Fascia
2151 4215 2318 4300 sinistra

500 4387 581 4472 ep
605 4389 633 4472 q
655 4387 681 4441 r
721 4362 874 4469 angulo
915 4386 991 4470 qr
1031 4356 1075 4440 irr
1117 4379 1285 4444 saccum
1324 4354 1603 4444 intestinalem
1646 4356 1709 4471 (w
1732 4354 1780 4468 o)
1821 4354 1982 4441 transit.
2055 4357 2128 4442 Ab
2165 4360 2318 4470 angulo

503 4503 547 4616 (s
570 4501 611 4614 t)
661 4499 817 4587 fasciae
859 4501 1036 4586 dextrae
1072 4525 1238 4583 saccum
1273 4497 1552 4584 intestinalem
1588 4525 1722 4608 usque
1752 4499 1806 4582 ad
1835 4526 1861 4580 r
1889 4497 2080 4604 desecui,
2117 4527 2173 4586 ne
2209 4501 2319 4588 fetus

501 4651 610 4732 latus
645 4671 740 4730 crnn
782 4642 921 4729 amrrio
950 4644 1139 4742 veletur,
1181 4667 1377 4728 vasorum
1418 4639 1598 4754 origines
1633 4657 1775 4728 tamen
1815 4641 2001 4730 indicare
2042 4659 2184 4755 aptum
2225 4669 2318 4730 esse

501 4787 656 4904 putavi.
716 4785 935 4894 Utrimque
964 4783 1076 4870 enim
1104 4783 1149 4871 in
1177 4811 1299 4872 sacco
1339 4783 1565 4872 intestinali
1593 4802 1685 4873 rete
1720 4813 1914 4874 vasonum
1957 4784 2021 4899 (w
2048 4781 2097 4898 o)
2128 4803 2318 4898 apparet,

502 4935 613 5041 quod
643 4957 720 5044 per
748 4932 962 5016 trunculos
992 4932 1135 5042 plures
1179 4931 1381 5038 (qnorum
1422 4944 1583 5042 septem
1625 4931 1679 5013 ad
1720 4931 1830 5014 latus
1872 4926 2111 5032 sinistrum,
2154 4956 2233 5016 sex
2263 4933 2318 5016 ad

502 5077 698 5160 dextrum
734 5069 972 5179 numeravi)
1014 5095 1110 5154 cum
1158 5069 1317 5154 truncis
1356 5070 1582 5185 majoribus
1630 5068 1674 5154 in
1702 5070 1805 5156 -fetu
1845 5069 1934 5158 sitis
1975 5072 2316 5162 communicatur.

504 5216 635 5330 Regio
662 5213 772 5300 inter
800 5227 891 5298 rete
932 5214 1192 5299 vasculosum
1234 5225 1276 5298 et
1316 5211 1447 5298 fetum
1483 5215 1585 5324 (qr
1606 5210 1670 5322 w)
1708 5241 1860 5316 areae,
1903 5240 2029 5323 quam
2070 5216 2318 5329 pellucidam

505 5359 646 5444 dicunt
673 5359 716 5444 in
746 5356 906 5460 avibus,
936 5355 1174 5468 respondet,
1203 5353 1301 5441 licet
1328 5353 1397 5440 hic
1424 5354 1615 5469 pluribus
1644 5357 1753 5442 vasis
1782 5357 1976 5468 gandeat.
2037 5359 2145 5445 llete
2167 5385 2318 5448 vascu-

506 5509 639 5591 losum
680 5527 821 5586 aream
861 5501 1118 5588 vascrrlosam
1159 5495 1297 5584 avium
1337 5498 1487 5586 sistens
1528 5525 1606 5612 per
1641 5499 1783 5612 plures
1810 5501 1938 5587 boras
1967 5499 2123 5614 optime
2150 5502 2319 5611 quidem
