5284 6572
983 675 1836 764 ...........-24...........

500 915 695 1029 vestigio)
738 914 863 1000 binae
903 910 1082 996 laminae
1119 937 1281 996 sursum
1316 912 1492 997 tendant
1521 913 1576 996 ad
1605 911 1825 997 cavitatem
1853 934 1931 1021 pro
1959 907 2142 994 medulla
2170 904 2321 1017 spirrali

502 1079 544 1148 et
573 1063 747 1146 cerebro
777 1055 1120 1155 constituendam,
1151 1067 1192 1138 ct
1224 1053 1362 1146 binae,
1380 1054 1575 1146 deorsum
1605 1055 1660 1144 ad
1689 1053 1996 1166 caritatespro
2033 1047 2210 1159 organis¹
2229 1050 2321 1159 plu·

501 1201 615 1290 sticis
656 1221 932 1304 vasorumque
967 1193 1123 1282 mincis
1165 1181 1425 1286 formandas,
1482 1197 1622 1304 Quam
1652 1194 1931 1282 evolutionem
1959 1201 2321 1302 persecutus'sum

499 1337 819 1444 inbatracbiis,
862 1335 1043 1449 ophidiis
1080 1352 1123 1422 et
1164 1336 1314 1422 sauriis
1350 1338 1462 1422 baud
1498 1337 1634 1424 minus
1670 1363 1796 1446 quam
1830 1334 1875 1420 in
1900 1333 2062 1418 armus.
2121 1330 2322 1442 lnpisci-

503 1490 579 1572 bns
602 1484 780 1596 primam
809 1479 978 1588 quidem
1006 1505 1091 1582 non
1121 1477 1207 1562 vidi
1234 1480 1526 1583 evolutionem,
1552 1479 1629 1566 scd
1652 1494 1854 1587 quantum
1877 1503 1934 1563 ex
1956 1471 2162 1587 pisciculis
2185 1477 2322 1584 pellu-

502 1626 606 1712 cidis
635 1624 759 1710 trium
788 1622 1018 1722 linearum,
1047 1620 1094 1706 in
1122 1622 1374 1706 concharum
1403 1620 1614 1708 branchiis
1642 1624 1772 1708 semel
1801 1616 1934 1706 obviis
1963 1631 2006 1703 ct
2033 1614 2216 1702 breviter
2243 1641 2322 1705 ex·-

503 1766 696 1854 aminatis
738 1779 872 1849 etex
904 1762 1130 1878 majoribus
1158 1778 1253 1850 octo
1283 1764 1338 1847 ad
1367 1763 1586 1850 duodecim
1615 1763 1749 1852 lineas
1779 1758 2071 1872 explentibus,
2099 1756 2146 1842 in
2174 1757 2322 1869 spiritu

501 1908 588 2006 vini
628 1905 802 1994 servatis
836 1903 1040 2016 colligere
1082 1906 1224 2016 potui,
1274 1906 1450 1990 candem
1492 1932 1586 1992 esse
1626 1931 1804 2007 censeo,
1853 1905 1908 1988 de
1948 1925 2032 2008 quo
2072 1899 2323 1988 clarissimus

501 2053 711 2138 Rnrnsn
743 2045 1098 2157 exspectatissimo
1127 2073 1203 2134 suo
1232 2048 1287 2134 de
1318 2045 1490 2160 piscium
1520 2046 1757 2133 evolutione
1786 2069 1915 2156 opere
1939 2040 2138 2128 certiores
2161 2042 2322 2134 nossa·

422 2255 424 2260 ,
502 2191 596 2278 ciet.
655 2193 819 2276 Verum
849 2190 902 2272 ed
933 2187 1128 2280 animatia
1159 2187 1365 2275 vertebris
1394 2189 1581 2274 carentia
1610 2190 1721 2296 quod
1750 2187 1912 2289 attinet,
1944 2187 2089 2270 eorum
2117 2184 2322 2280 evolutio-

502 2357 601 2432 nem
628 2331 674 2416 in
704 2329 933 2416 artictdatis
964 2345 1165 2424 aventre
1195 2331 1250 2414 ad
1279 2345 1442 2440 tergum
1463 2330 1802 2444 procedere-jam
1826 2344 1924 2414 ante
1946 2329 2166 2414 Rnrflnu
2191 2352 2324 2438 expo·

502 2473 673 2572 sitiones
704 2471 811 2586 (Iob
844 2466 969 2559 1825
1001 2499 1095 2582 pag.
1126 2470 1275 2584 1098)
1307 2499 1401 2568 cum
1429 2473 1667 2558 Bonnsou
1694 2486 1892 2583 expertus
1917 2497 2007 2560 sum
2039 2468 2187 2584 etjam
2212 2495 2323 2562 anno

508 2611 636 2710 1824
664 2613 842 2726 publicis
871 2612 1220 2726 praelectionibus
1248 2614 1396 2717 docui,
1427 2613 1489 2699 uti
1517 2612 1753 2702 auditomm
1780 2613 2005 2700 schedulae
2046 2613 2322 2713 testabuntur.

355 2803 361 2816 ·
502 2760 711 2845 Rnrnnn
754 2757 834 2840 bac
875 2756 929 2841 de
970 2782 1017 2840 rc
1054 2784 1079 2840 a
1114 2757 1353 2844 Bosnncu
1388 2755 1568 2842 monitus
1608 2781 1709 2842 vere
1751 2771 1795 2842 et
1835 2751 1997 2842 ineunti
2035 2752 2323 2854 aestateanni

508 2895 632 2986 1825
670 2895 805 2983 literis
845 2895 1117 3000 contradixit,
1160 2914 1381 2984 auctumno
1418 2914 1558 2986 autem
1587 2897 1774 3013 ejusdcm
1802 2896 1901 2984 anni
1928 2893 2094 3008 publice
2123 2919 2217 2985 eam
2246 2897 2324 2982 do-

503 3039 613 3142 cuit,
643 3037 823 3150 propriis
851 3063 954 3124 sane
983 3039 1342 3129 observationibus
1372 3038 1648 3126 subtdissimis
1677 3040 1848 3126 edoctus
1877 3036 1933 3150 ⁴⁶⁵),
2091 3123 2095 3130 ,
2135 3117 2138 3124 .

509 3269 515 3282 ,
655 3181 768 3266 Ilum
798 3183 971 3292 embryo
1001 3180 1219 3284 evolvitur,
1249 3181 1530 3268 blastodcrma
1554 3181 1815 3266 hauddubie
1839 3195 2059 3268 extensum
2081 3194 2126 3274 et
2148 3179 2323 3290 amplia·

502 3339 592 3408 tum
620 3348 716 3407 cum
743 3325 984 3407 membrana
1014 3323 1245 3411 concrescit
1274 3321 1425 3427 vitelli,
1468 3349 1552 3432 quo
1587 3350 1698 3408 nunc
1733 3347 1859 3408 vertis
1895 3345 2041 3408 saccus
2076 3319 2325 3415 intestinalis

503 3462 777 3566 constituitur,
807 3478 853 3547 ut
881 3464 927 3547 in
956 3463 1116 3552 avibus.
1164 3467 1451 3558 ¹Membranae
1480 3463 1688 3556 corticalis
1715 3463 1805 3552 villi
1833 3460 2124 3574 multomagis
2152 3465 2325 3574 propul-

502 3607 636 3690 lulant
666 3619 710 3690 ct
739 3629 863 3688 ovum
892 3607 946 3688 ab
977 3621 1118 3708 utero,
1148 3604 1265 3722 cujus
1295 3605 1384 3690 villi
1411 3604 1555 3713 utiquc
1583 3581 1843 3709 excresctmt,
1875 3604 2104 3692 arctissime
2133 3602 2323 3716 cingitur.

502 3743 770 3836 Substantiae
798 3745 1035 3852 nutritivae,
1065 3747 1215 3856 ‹pdbus
1239 3773 1363 3835 ovum
1386 3746 1526 3832 avium
1544 3747 1631 3863 jam
1654 3764 1752 3835 ante
1776 3762 1942 3859 partum
1963 3771 2135 3858 prorsus
2154 3745 2326 3831 instruti-

501 3901 572 3972 tur
611 3885 656 3970 in
696 3911 847 3997 magna
884 3915 961 3974 sua
996 3888 1131 3974 vitelli
1167 3906 1210 3977 et
1247 3889 1471 3994 albuminis
1506 3887 1762 3996 quantitate,
1806 3915 1861 3974 ex
1891 3904 2010 3976 utero
2046 3887 2325 3974 mammalium

503 4026 750 4116 commercio
779 4027 976 4134 villorum
1003 4028 1258 4140 pedetentim
1286 4055 1367 4115 ovo
1396 4031 1741 4140 suppeditantur,
1778 4055 1862 4138 quo
1892 4005 1939 4115 lit
1968 4047 2014 4116 ut
2043 4055 2186 4118 saccus
2215 4029 2324 4124 inte·

502 4169 664 4256 stinalis
704 4170 752 4256 in
792 4170 928 4281 prima
963 4169 1138 4282 periodo
1174 4185 1360 4274 crescat,
1402 4169 1598 4282 reliquae¹
1624 4187 1774 4263 autem.
1792 4174 2062 4258 membranae
2089 4197 2181 4284 per.
2194 4187 2325 4268 totam

503 4309 804 4422 graviditatem.
2205 4409 2207 4415 ,

653 4451 744 4542 ssd
772 4452 878 4540 baec
906 4453 1114 4540 sufficiant
1143 4457 1197 4541 de
1226 4458 1539 4560 namnetibus,
1582 4482 1637 4544 ne
1666 4471 1853 4566 repetam
1881 4479 1990 4562 quae
2020 4455 2074 4541 de
2104 4455 2326 4542 concordia
2398 4573 2401 4578 Δ

503 4611 546 4682 et
575 4593 814 4682 differentia
842 4593 887 4679 in
916 4596 1196 4686 mammalium
1226 4597 1448 4704 avitumque
1477 4595 1713 4687 evolutione
1738 4595 1908 4712 jamjam
1936 4596 2072 4689 docui.

588 5021 625 5108 *)
648 5023 778 5106 Quibus
808 5049 895 5091 nnnc
925 5027 1055 5116 publice
1077 5030 1259 5098 enuncietis
1288 5028 1377 5098 inter
1406 5055 1466 5098 nos
1496 5055 1563 5120 pax
1584 5030 1628 5098 sit
1647 5045 1721 5120 post
1741 5031 1849 5100 levent
1871 5028 2099 5110 stomachum,
2130 5051 2228 5116 quom
2249 5053 2322 5098 com

504 5146 632 5196 tantum
663 5132 705 5196 ob
737 5155 869 5198 causam
896 5157 975 5222 prae
1005 5159 1058 5201 me
1088 5137 1171 5220 tuli,
1200 5139 1285 5224 quod
1317 5138 1385 5228 jam
1415 5165 1453 5205 eo
1481 5157 1627 5228 tempore
1656 5139 1834 5206 discrimen
1862 5139 1949 5206 inter
1979 5136 2136 5204 animalia
2164 5139 2324 5206 vertebris

504 5240 647 5306 carentia
669 5255 701 5306 et
721 5242 906 5308 vertebram
928 5245 1185 5331 promulgarem,
1208 5246 1238 5313 si
1259 5270 1326 5313 non
1348 5246 1632 5334 disquisitionibus
1655 5247 1810 5316 brevibus
1832 5247 1964 5335 quidem
1978 5245 2034 5314 scd
2057 5247 2097 5312 ad
2120 5247 2184 5314 boc
2205 5247 2323 5314 discri-

503 5371 581 5414 men
611 5349 858 5438 dijudicandum
885 5351 1120 5421 sufficientibus
1148 5355 1270 5440 fretus,
1302 5356 1526 5446 speraverim,
1565 5382 1619 5426 mc
1648 5359 1711 5424 boc
1746 5355 1848 5422 amici
1876 5356 2163 5425 observationibus
2193 5355 2324 5422 additu·

504 5479 579 5524 rum
601 5479 682 5524 esse.
