5284 6572
1008 691 1825 778 ...mma—„d

505 932 782 1034 constituitur,
811 927 978 1015 laminis
1009 927 1267 1013 neutralibus
1298 925 1347 1042 (b
1371 925 1417 1040 c)
1460 927 1598 1012 adhuc
1623 953 1884 1039 summopere
1914 928 2176 1014 distantibus.
2235 927 2327 1018 Sub

505 1077 645 1166 candi
683 1102 762 1188 pro
803 1073 986 1158 medulla
1029 1070 1180 1181 spinali
1217 1074 1436 1157 columnae
1473 1071 1725 1158 vertebralis
1753 1071 1888 1183 prima
1918 1071 2093 1184 vestigia
2123 1085 2326 1184 apparent

507 1221 584 1337 (g)
622 1247 647 1306 e
682 1220 769 1304 tela
797 1213 1018 1302 iormativa
1049 1213 1245 1299 densiore
1275 1229 1485 1318 concreta,
1516 1240 1626 1322 quae
1655 1241 1793 1300 ramos
1819 1217 1969 1302 breves
1994 1241 2159 1302 sursum
2187 1215 2233 1300 in
2262 1216 2327 1298 la-

505 1367 640 1454 minas
669 1361 857 1447 dorsales
885 1356 1066 1442 mittunt.
1126 1357 1177 1440 ln
1206 1357 1344 1444 media
1374 1360 1567 1444 columna
1603 1356 1831 1443 vertebrali
1859 1357 2020 1442 cienda
2048 1357 2232 1444 wamba
2260 1373 2327 1444 te-

505 1509 601 1598 nuis
637 1501 892 1594 obscuritate
933 1527 1010 1586 sua
1051 1497 1096 1584 in
1137 1515 1406 1611 conspectum
1433 1499 1563 1586 venit.
1623 1500 1697 1586 Est
1727 1499 1839 1586 enim
1867 1499 1914 1586 in
1944 1501 2136 1588 omnibus
2165 1501 2326 1588 anima·

504 1653 608 1738 lium
637 1650 971 1734 vertebratorum
999 1641 1152 1728 letibus
1194 1639 1279 1756 (uti
1307 1642 1353 1728 in
1383 1641 1693 1746 mammalibus,
1730 1642 1905 1746 avibus,
1937 1643 2131 1756 ophidiis,
2161 1643 2326 1748 samiis,

506 1789 732 1882 hamachiis
760 1814 840 1874 nec
868 1777 955 1872 non
983 1785 1167 1897 piscibus
1198 1782 1439 1900 observavi)
1482 1788 1639 1873 chorda
1680 1788 1886 1894 quaedam
1916 1802 2028 1872 teres
2056 1815 2082 1872 a
2112 1789 2244 1874 cauda
2273 1788 2328 1872 ad

506 1951 807 2050 populusque,
837 1929 883 2016 in
912 1956 996 2036 quo
1025 1955 1131 2028 cum,
1148 1931 1367 2016 tuberculo
1398 1929 1570 2033 desinit,
1601 1955 1679 2040 per
1707 1929 1889 2016 mediam
1918 1931 2152 2016 columnam
2181 1932 2329 2018 dorsa-

506 2087 591 2170 lem
621 2091 810 2178 extensa,
841 2076 895 2156 ab
924 2075 1005 2158 hac
1034 2070 1244 2158 soliditate
1273 2073 1387 2157 haud
1416 2072 1553 2158 minus
1577 2099 1627 2158 ac
1651 2071 1884 2184 gracilitate
1907 2088 1995 2160 toto
2019 2075 2137 2160 coelo
2161 2073 2329 2160 diversa

507 2241 551 2312 et
590 2236 689 2308 ante
730 2219 1017 2304 vertebrarum
1058 2213 1235 2326 vestigia
1271 2213 1478 2316 oriunda,
1520 2243 1614 2302 cum
1655 2217 1847 2301 columna
1888 2216 2157 2328 cartilagineo
2176 2265 2199 2282 -
2222 2217 2329 2328 liga-

506 2380 709 2466 mentosa,
739 2386 849 2470 quae
878 2357 923 2443 in
951 2357 1134 2470 piscibus
1163 2356 1442 2470 cartilagineis
1471 2359 1697 2461 nonnullis,
1727 2385 1769 2442 v.
1802 2385 1839 2443 c.
1870 2356 1915 2444 in
1943 2357 2143 2447 Sturionc
2172 2375 2216 2446 et
2244 2361 2330 2446 Pe·

507 2521 796 2619 tromyzonte,
825 2528 905 2615 per
941 2515 1072 2588 totam
1100 2499 1228 2586 vitam
1264 2499 1310 2586 in
1338 2499 1459 2611 spina
1488 2501 1604 2587 dorsi
1633 2500 1759 2588 obvia
1795 2517 1885 2606 cst,
1928 2500 2092 2614 penitus
2133 2529 2328 2614 congrua.

507 2635 559 2740 lu
587 2648 713 2772 pullis
742 2643 981 2758 gallinaceis
1004 2643 1094 2760 jam
1121 2642 1256 2756 primo
1285 2643 1562 2730 inculcationis
1591 2643 1661 2729 die
1689 2643 1893 2731 iormatur
1915 2646 2039 2756 louge
2075 2661 2174 2731 ante
2208 2645 2330 2732 lami·

507 2821 658 2884 narum
693 2787 919 2877 dorsalium
955 2787 1165 2874 malinam.
1232 2787 1348 2872 Haec
1390 2785 1552 2872 chordo
1586 2788 1799 2896 hucusque
1827 2787 1993 2900 penitus
2022 2787 2112 2874 fere
2140 2791 2329 2900 neglecta

508 2941 831 3056 (Duraocuer
862 2933 996 3017 solum
1026 2957 1120 3017 eam
1149 2929 1392 3042 cognovisse
1421 2930 1495 3016 sed
1524 2957 1612 3016 non
1639 2929 1686 3016 in
1714 2929 1955 3042 primordio,
1985 2957 2043 3016 ex
2070 2931 2330 3020 observatio·

508 3083 633 3169 nibus
661 3077 848 3194 ejsudem
878 3072 989 3161 circa
1017 3073 1175 3162 osdmn
1203 3074 1379 3186 genesin
1406 3071 1453 3158 in
1481 3073 1759 3160 salamandris
1795 3069 1943 3185 video)
1986 3073 2153 3186 saepius
2181 3073 2331 3161 fefellit

509 3241 685 3312 natiuae
715 3233 980 3306 scrutatores.
1040 3218 1120 3301 llla
1149 3216 1240 3302 sine
1270 3215 1398 3302 dubio
1428 3230 1505 3319 est,
1537 3243 1662 3323 quam
1689 3219 1895 3302 Pnnnett
1925 3243 2004 3326 pro
2033 3218 2215 3303 medulla
2244 3215 2330 3328 spi·

509 3368 598 3458 nali
625 3362 795 3451 babuit:
827 3387 924 3446 nam
953 3359 1179 3445 medullam
1207 3357 1412 3469 spinalem
1439 3385 1526 3446 uon
1555 3373 1653 3444 ante
1681 3357 1930 3444 laminamm
1965 3358 2190 3446 dorsalium
2231 3388 2329 3448 coa·

509 3513 630 3598 linnn
659 3530 863 3619 apparere
897 3528 1002 3614 paee
1030 3499 1250 3587 clarissimi
1278 3500 1466 3590 Sensus
1495 3516 1612 3588 certo
1640 3499 1795 3587 certius
1823 3516 2079 3612 compermm
2107 3503 2258 3608 habeo,
2289 3519 2332 3590 et

510 3654 582 3740 nbi
611 3647 829 3764 apparant,
859 3671 937 3730 acu
965 3670 1178 3754 nunquam
1206 3643 1407 3756 piscanda
1435 3659 1513 3731 est.
1572 3643 1760 3729 Eandem
1789 3644 1990 3731 chordam
2025 3644 2253 3734 Pndvosr
2291 3663 2333 3734 et

511 3802 690 3885 Duatas
731 3792 777 3876 in
817 3789 931 3874 ranis
973 3787 1099 3874 etiam
1139 3813 1217 3900 pro
1257 3789 1442 3873 medulla
1484 3785 1636 3898 spirali
1671 3787 1921 3874 habuenmt.
2004 3785 2216 3900 (Annales
2256 3789 2332 3874 der

512 3939 697 4025 aeruca
726 3935 977 4016 naturallea.
1044 3929 1176 4014 Teme
1204 3929 1274 4014 ΙΙ.
1299 3957 1349 4040 p.
1386 3927 1494 4014 113.
1523 3926 1663 4041 seqq.)

663 4080 716 4163 ln
756 4073 822 4160 bis
863 4072 1055 4160 omnibus
1097 4068 1358 4181 gravioribus
1400 4097 1501 4182 ergo
1543 4072 1718 4182 embryo
1759 4071 1934 4158 caninus
1975 4097 2070 4158 cum
2105 4072 2332 4162 ammalario

512 4221 702 4336 mugruit
743 4234 786 4306 et
815 4211 1066 4302 'differentia
1105 4212 1149 4298 in
1191 4227 1333 4298 mutua
1373 4228 1534 4298 tanttnn
1575 4212 1756 4324 partium
1796 4213 1957 4300 ratione
1993 4231 2198 4299 versamr.
2258 4215 2333 4306 Sic

511 4365 711 4453 nansitus
740 4358 856 4448 dorsi
883 4359 929 4444 in
957 4360 1137 4444 nucbam
1165 4356 1297 4468 magis
1325 4371 1538 4456 curvatus,
1568 4360 1784 4444 cerebmm
1806 4383 1910 4444 vero
1933 4356 2069 4441 minus
2097 4382 2125 4441 a
2152 4360 2335 4446 medulla
2386 4361 2393 4380 ⁸

513 4506 666 4622 spinali
701 4501 878 4589 dillerre
919 4501 1085 4586 videtur
1123 4500 1170 4584 in
1204 4499 1278 4585 illo
1318 4527 1444 4606 quam
1483 4499 1529 4584 in
1565 4499 1713 4584 avibus
1743 4499 1923 4586 eundem
1951 4503 2333 4612 metamorphoseos

512 4653 687 4766 gradum
716 4643 931 4732 maecutis.
991 4643 1110 4730 Area
1138 4640 1346 4751 pellucida
1375 4656 1419 4726 et
1446 4667 1547 4727 area
1575 4643 1792 4728 vascrrlosa
1814 4643 1998 4729 minores
2022 4658 2065 4728 et
2089 4643 2195 4726 rami
2218 4661 2333 4729 arte-

513 4793 614 4883 riosi
643 4795 785 4905 plures
814 4789 965 4873 adstrm
994 4783 1040 4870 in
1069 4809 1186 4870 cane.
1247 4783 1345 4894 Ouo
1374 4785 1500 4870 mmo
1529 4785 1575 4870 bi
1603 4783 1649 4870 in
1678 4813 1778 4872 vasa
1816 4785 2333 4896 omphalo-mesenterioa

515 4951 749 5032 vertantur,
779 4927 1048 5016 ulterioribus
1079 4926 1343 5013 examinibus
1373 4926 1683 5043 dijudicandum
1712 4927 1917 5036 relinquo.

668 5076 791 5184 Quae
827 5098 922 5156 cum
957 5069 1017 5154 ita
1058 5097 1084 5152 a
1124 5094 1194 5152 me
1224 5084 1367 5154 essent
1394 5068 1591 5171 inventa,
1630 5071 1858 5182 valdopere
1887 5069 2029 5181 optavi
2057 5097 2138 5158 ova
2169 5075 2332 5160 exami-

515 5251 639 5324 nare,
681 5241 791 5328 quae
820 5211 1003 5299 meditun
1032 5224 1226 5296 tenerent
1255 5209 1367 5294 inter
1396 5213 1521 5297 modo
1550 5211 1759 5326 descripta
1788 5227 1831 5297 et
1860 5239 1938 5316 ea,
1968 5239 2076 5320 quae
2105 5210 2331 5302 Pas'vosr

515 5383 558 5452 et
595 5367 773 5448 llumns
809 5372 857 5442 ut
896 5353 956 5441 12
998 5353 1161 5440 dientm
1202 5379 1284 5440 ova
1320 5352 1628 5466 descripsenmt
1657 5369 1701 5440 et
1729 5355 1971 5466 pinxenmt.
2039 5353 2195 5442 Canem
2232 5381 2333 5468 ergo

515 5504 695 5594 huecui
732 5531 808 5614 per
831 5503 936 5586 duas
965 5497 1248 5584 hebdomades
1278 5511 1321 5582 et
1345 5499 1457 5604 quod
1488 5495 1672 5582 excmrit
1702 5495 1844 5583 fetam
1905 5497 1994 5588 Sed
2024 5523 2104 5584 ova
2134 5496 2179 5583 in
2211 5514 2332 5586 utero
