5284 6572
812 665 1659 754 ......-...ι3....-..-.

325 927 425 987 nem
460 900 754 1014 percipiuntur.
812 901 940 1019 'ldem
980 899 1072 986 fere
1110 903 1225 986 valet
1266 902 1321 986 de
1361 901 1517 988 cvmiis
1547 901 1784 1005 nonnullis,
1822 929 1999 1010 quorum
2028 908 2146 1022 vela·

327 1060 471 1148 menta
499 1043 641 1140 nescio
670 1071 745 1130 cur
773 1043 897 1131 solito
925 1042 1130 1130 crassiora
1159 1059 1281 1148 ιιιιιι,
1311 1043 1374 1128 uti
1402 1044 1449 1129 in
1476 1069 1582 1130 cane
1610 1045 1791 1153 qtmdam
1819 1073 1970 1158 magna
1998 1035 2146 1134 obser-

328 1186 438 1298 vavi.
498 1188 555 1302 ln,
571 1185 807 1303 jupiotibus
829 1188 1000 1273 tandem
1022 1185 1196 1272 canibus
1213 1186 1356 1297 prima
1387 1184 1479 1271 vioe
1502 1186 1826 1298 praegnantibus
1856 1188 1983 1273 etiam
2011 1217 2145 1300 pauca

329 1326 715 1420 animadvertantur
743 1331 894 1431 outla3
926 1355 1023 1414 nam
1052 1344 1147 1439 post
1174 1328 1354 1440 primum
1384 1326 1550 1432 coitttm,
1580 1329 1635 1412 ni
1655 1328 1793 1432 fallor,
1824 1346 1993 1441 praeter
2021 1333 2147 1418 ovula

327 1469 578 1575 leoundata,
615 1471 779 1579 reliqua
819 1469 856 1555 si
888 1495 974 1555 non
1002 1471 1138 1575 nasci,
1183 1470 1304 1557 citius
1333 1487 1474 1557 tamen
1503 1471 1641 1556 evolvi
1669 1469 1881 1576 videnum,
1918 1473 2032 1560 unde
2060 1472 2149 1559 for-

328 1626 441 1700 tasse
469 1611 658 1701 famosae
686 1613 786 1699 illae
816 1611 1131 1699 observationes
1159 1613 1395 1726 Anglorum
1422 1615 1566 1699 Ηοιιιι
1598 1630 1642 1699 et
1672 1613 1820 1700 Graes
1850 1615 2149 1727 intelligendae
2289 1649 2296 1662 ¹

329 1771 439 1860 sunt,
468 1755 577 1842 fetus
607 1753 777 1841 serioris
806 1755 1115 1867 praegnationis
1143 1783 1442 1864 nonnunquam
1471 1770 1631 1867 patrem
1661 1755 1823 1868 primae
1854 1756 2009 1843 sobolis
2038 1755 2150 1872 ejus-

330 1897 427 1983 dem
462 1896 607 1982 mauis
642 1895 819 1982 relerre.
865 1894 951 2011 (ct.
982 1897 1220 1983 uberiorem
1249 1896 1579 2007 disquisitionem
1605 1899 1935 1985 Buaonofflt
1921 1928 1966 1984 ιιι
1995 1924 2150 2011 opere·

331 2039 422 2124 Dic
457 2039 735 2155 Physiologie
770 2043 838 2123 alc
873 2039 1474 2154 Etfoltmngswiasenacltafl,
1497 2039 1602 2124 Bo.
1639 2041 1681 2124 Ι.
1716 2068 1829 2172 pag.
1868 2035 2017 2155 506..)
2100 2043 2152 2127 In

330 2180 520 2293 plurimis
548 2208 651 2269 vero
681 2180 838 2268 orariis
868 2180 1029 2267 caninis
1059 2184 1285 2295 complura
1301 2185 1426 2268 ovula
1455 2181 1579 2268 nudis
1621 2181 1724 2290 quin
1760 2183 1888 2268 etiam
1927 2182 2152 2270 mediocri-

330 2328 410 2410 bus
439 2324 570 2447 ooulis
598 2349 675 2460 per
704 2323 865 2409 arnicas
895 2340 1122 2435 apparent,
1151 2325 1214 2408 uti
1241 2324 1453 2410 nonnullis
1483 2351 1534 2410 ea
1575 2325 1865 2412 demonstrans
1902 2324 2151 2412 commilito·

330 2449 454 2572 nibus
483 2451 684 2578 expertus
713 2492 819 2552 stim.
879 2451 1085 2552 Adhibita
1113 2468 1228 2552 lente
1256 2467 1390 2552 vitrea
1418 2466 1465 2552 in
1494 2467 1686 2552 omnibus
1715 2468 1805 2554 fere
1828 2467 2041 2568 vesiculis,
2070 2466 2151 2552 mi·

263 2655 288 2698 ι.
332 2609 456 2730 nimis
491 2608 564 2695 vix
605 2607 819 2720 exceptis,
865 2610 1035 2694 οιιιΙιιιιι
1074 2607 1331 2722 percipiam,
1375 2610 1412 2695 si
1453 2609 1568 2696 canis
1602 2637 1687 2696 non
1716 2609 1851 2721 prima
1887 2609 1978 2696 vice
2007 2610 2153 2696 fecun-

333 2723 430 2836 data
460 2769 537 2838 est.

387 3001 388 3006 Ν
484 2894 625 3011 Ovula
667 2922 723 2980 ex
764 2893 908 2981 orario
950 2909 1113 3006 promta
1155 2891 1245 2981 oris
1286 2893 1462 2980 albariis
1504 2894 1733 2982 oondmilia
1774 2922 1869 2982 esse
1907 2894 1995 3010 jam
2035 2894 2153 2996 dixi;

334 3051 522 3123 eennatm
550 3036 662 3123 enim
690 3037 849 3122 babent
879 3061 1053 3148 opaeum
1081 3039 1349 3148 granulosum
1378 3063 1473 3122 cum
1501 3038 1669 3124 halone.
1741 3038 1805 3124 lla
1845 3053 1986 3122 emen
2021 3036 2153 3121 inter·

334 3179 445 3266 cedit
475 3177 740 3283 differentia,
771 3180 883 3287 quod
912 3177 984 3262 illa
1014 3176 1143 3264 limbo
1166 3180 1253 3265 lato
1283 3179 1537 3265 circumdata
1566 3179 1663 3283 sint,
1694 3179 1767 3288 qui
1795 3195 1973 3292 augente
2001 3175 2045 3262 'vi
2073 3177 2153 3262 mi-

334 3321 538 3434 crosoopii
568 3349 593 3408 e
622 3321 806 3433 aarum
836 3320 1159 3433 semipellucidis
1188 3321 1389 3408 conflanta
1418 3338 1616 3433 apparet,
1648 3337 1773 3432 atque
1800 3338 1885 3408 tam
1915 3335 2031 3407 arcte
2060 3347 2155 3406 oum

334 3467 460 3551 ovulo
489 3467 691 3586 coronatus
726 3480 803 3594 est,
833 3479 879 3547 ut
907 3465 1038 3550 semel
1065 3465 1191 3551 modo
1220 3466 1495 3550 membranae
1524 3477 1728 3551 externae
1770 3459 2031 3588 (οωιίιαιιι)
2074 3462 2154 3548 ali-

327 3633 460 3728 ¹(piatur
487 3621 650 3718 partem
677 3589 850 3722 prorsus
878 3606 1093 3692 denudare
1123 3631 1288 3716 possent
1318 3605 1443 3719 (th.
1463 3604 1571 3717 IL).
1602 3605 1871 3718 Peripherioa
1899 3607 1974 3690 illa
2001 3630 2156 3716 conge·

333 3749 419 3836 ries
447 3751 669 3860 pannosa
697 3774 784 3834 non
813 3760 877 3831 est
905 3747 1075 3856 globosa
1106 3749 1185 3836 sed
1214 3746 1478 3851 disciformis,
1508 3747 1570 3831 uti
1598 3776 1677 3834 aen
1699 3747 1943 3835 tenuissimo
1966 3774 2059 3835 eam
2078 3750 2156 3834 sub

332 3890 607 4004 mieroseopio
637 3891 841 3976 vertendo
870 3886 1010 3974 didici.
1069 3890 1273 3976 Planetae
1302 3888 1477 3978 Saturni
1505 3893 1704 3976 annulum
1728 3890 1787 3976 ita
1810 3890 1940 3977 refert
1968 3894 2046 3977 sub
2074 3889 2156 3975 mi·

337 4034 577 4153 croscopio,
601 4048 654 4151 ut
680 4034 922 4156 Buaoaou
951 4057 1047 4118 eam
1073 4059 1239 4118 mecum
1267 4035 1497 4120 observans
1525 4034 1634 4120 banc
1661 4032 1972 4120 similitudinem
2008 4031 2157 4117 iisdem

336 4177 427 4264 fere
456 4173 595 4261 verbis
625 4177 892 4278 observaret,
923 4173 1073 4282 quibus
1096 4175 1185 4291 jam
1214 4174 1350 4261 diat-io
1378 4191 1635 4261 notaveram.
2110 4155 2114 4164 ’

489 4319 631 4408 Ovula
648 4316 695 4402 in
719 4314 913 4402 vesticulis
937 4315 1098 4402 mninis
1119 4316 1404 4428 magnitudine
1426 4318 1655 4403 secundum
1677 4314 1955 4404 evolutionem
1981 4316 2156 4402 variant.

338 4465 524 4580 Majores
555 4459 667 4573 (sine
685 4457 811 4576 dubio
830 4473 968 4544 aetate
984 4456 1288 4571 provectiores)
1319 4458 1646 4552 diametnrms'e
1659 4505 1755 4546 --
1750 4459 1951 4546 'lineae
1969 4459 2157 4546 Parisia·

338 4635 420 4696 nae
449 4607 627 4738 babent,
669 4599 877 4704 minores,
919 4628 1097 4709 quorum
1125 4616 1316 4688 centrum
1344 4601 1480 4688 minus
1510 4628 1686 4714 opacum
1715 4617 1805 4706 est,
1835 4601 1911 4685 vix
1942 4647 1989 4692 π
2018 4601 2158 4688 lineae

339 4765 514 4864 partem.
574 4717 752 4832 Lamina
780 4741 1014 4847 annrtlaris,
1044 4771 1170 4850 quam
1198 4742 1360 4828 ἀὼοιιιιι
1380 4743 1653 4855 prolrgmtm
1681 4742 1918 4846 nominabo,
1950 4742 1995 4826 in
2023 4741 2158 4864 omni·

339 4898 418 4979 bru
447 4893 579 4992 adest,
609 4887 655 4972 in
678 4882 912 5003 junioribus
940 4883 1122 4985 tenuior,
1152 4884 1357 4970 diamemo
1381 4886 1549 4971 ovulum
1573 4882 1638 4968 bis
1662 4881 1827 4969 circiter
1849 4899 2085 4996 superante,
2115 4885 2159 4970 in

341 5030 668 5149 provectioribus
696 5025 935 5131 obscurior,
970 5055 1057 5114 non
1084 5052 1252 5138 semper
1288 5029 1437 5116 eadem
1465 5024 1627 5114 ratione
1656 5024 1815 5152 ambitu
1843 5051 1920 5114 suo
1949 5053 2155 5115 crescens.

341 5174 486 5265 Media
512 5201 626 5284 pars,
656 5197 765 5280 quae
794 5171 917 5257 ovulo
947 5185 1063 5255 arcte
1091 5170 1311 5284 conjuncta
1339 5183 1417 5272 est,
1447 5167 1667 5255 manifeste
1690 5169 1868 5256 crassior
1887 5167 2028 5255 existit
2052 5197 2157 5256 ovu-

343 5327 509 5429 lumque
538 5316 598 5400 ita
627 5313 768 5424 cingit,
797 5311 857 5399 uti
886 5310 1039 5398 limbus
1068 5310 1293 5396 artificialis
1321 5313 1478 5398 lentem
1505 5311 1699 5417 vitream,
1730 5311 1894 5414 sinon,
1925 5314 2035 5420 quod
2067 5338 2157 5398 ma·

342 5465 405 5578 gis
433 5463 569 5548 adbuc
599 5456 769 5558 arridet,
800 5455 868 5541 ovi
898 5454 1159 5568 superficiem
1188 5451 1428 5540 inferiorem
1458 5429 1623 5564 penitus
1649 5452 1830 5540 obducit.
1891 5453 1954 5538 lta
1974 5461 2157 5559 cunrado,
