5236 6582
984 705 1833 791 ---16---

493 963 537 1033 et
564 945 691 1032 limbo
720 943 941 1042 laciniato,
977 967 1060 1051 quo
1090 955 1285 1052 apertura
1314 939 1501 1050 corporis
1531 939 1634 1026 lutei
1661 941 1837 1052 posthac
1866 937 2055 1050 cingitur,
2086 935 2317 1023 simillimis.

495 1089 666 1176 Macula
694 1087 767 1172 illa
799 1084 925 1200 (Fig.
952 1082 1059 1167 XV.
1084 1083 1220 1196 picta)
1251 1083 1294 1166 in
1324 1109 1570 1192 quacunque
1593 1081 1777 1168 vesicula
1801 1081 2008 1167 diversam
2037 1080 2216 1165 formam
2244 1105 2319 1192 ge-

498 1257 611 1334 rens,
640 1228 742 1317 oriri
770 1228 870 1312 inde
898 1225 1078 1330 videtur,
1109 1227 1222 1334 quod
1252 1240 1428 1311 stratum
1456 1225 1669 1310 internum
1698 1250 1873 1336 opacum
1903 1224 2041 1310 subito
2068 1222 2114 1308 irr
2142 1225 2223 1308 hac
2251 1248 2321 1310 re-

499 1373 621 1486 'gione
650 1387 776 1458 tenue
804 1371 891 1455 hat.
951 1369 1049 1455 Non
1078 1394 1178 1454 vero
1208 1367 1254 1453 in
1267 1367 1473 1454 omnibus
1504 1366 1593 1454 ovis
1621 1367 1795 1454 maturis
1823 1371 1909 1454 tale
1944 1366 2103 1478 stigma
2133 1364 2323 1451 animad-

501 1514 688 1601 vertitur.

651 1657 801 1741 Theca
831 1681 926 1740 cum
954 1653 1118 1742 indusio
1147 1671 1241 1766 post
1264 1668 1480 1768 rupturam
1505 1669 1548 1740 et
1571 1653 1710 1739 nuclei
1735 1652 1979 1769 ejectionem
2002 1655 2195 1768 calycem
2222 1675 2324 1735 corr-

503 1801 690 1888 stimant.
1797 1813 1809 1828 ‘

1079 1938 1126 2026 G.
1186 1941 1259 2026 Ad
1288 1943 1487 2025 awktun
1515 1938 1751 2051 pertinent:

655 2080 698 2171 5.
762 2083 1021 2167 Membrana
1045 2087 1288 2194 grottmsc
1316 2063 1533 2169 humorem
1574 2075 1783 2168 vesiculae
1813 2080 2065 2169 Graafianae
2094 2080 2325 2166 includens.

507 2221 680 2317 Constat
708 2240 838 2312 strato
867 2224 985 2331 tenui
1013 2228 1294 2337 graculorum.
1354 2227 1405 2310 lrr
1427 2225 1665 2342 junioribus
1694 2227 1824 2311 multo
1858 2222 2040 2312 crassior
2067 2223 2167 2310 visa
2194 2237 2258 2308 est
2285 2238 2329 2308 ct

508 2372 707 2485 opacior;
737 2369 783 2454 in
813 2367 1088 2455 adultioribus
1117 2368 1309 2472 tenuior,
1351 2370 1667 2471 membranam,
1709 2371 1978 2454 membranae
2018 2361 2152 2453 vitelli
2190 2365 2329 2451 avium

509 2513 698 2600 similior.
759 2511 984 2618 Ntmquam
1012 2537 1113 2598 vero
1143 2525 1285 2597 tantae
1313 2509 1548 2615 tenuitatis,
1578 2509 1873 2623 pelluciditatis
1903 2525 1947 2595 et
1964 2489 2183 2595 ‘laevitatis
2213 2508 2329 2594 illam

511 2655 598 2742 vidi
627 2681 678 2740 ac
706 2655 812 2738 baec
840 2678 935 2738 esse
963 2654 1073 2738 solet
1099 2651 1145 2737 in
1173 2651 1325 2740 vitellis
1353 2652 1526 2739 maturis
1555 2652 1708 2738 avium.
1769 2651 1820 2742 Si
1842 2651 2052 2739 vesiculae
2082 2649 2331 2738 Graalianae

510 2795 707 2885 discissae
747 2809 942 2881 contenta
977 2792 1021 2879 in
1056 2795 1211 2882 vitrum
1251 2813 1499 2883 excavatum
1535 2792 1833 2901 effimdtmtur,
1863 2793 2137 2907 microsoopio
2167 2817 2332 2905 semper

511 2940 633 3056 hujus
653 2938 788 3030 strati
823 2936 999 3050 disrupti
1040 2936 1218 3025 frustrda
1246 2938 1438 3026 invenies
1467 2937 1595 3054 (Fig.
1620 2935 1753 3052 XL).
1816 2935 1981 3025 Clarius
2010 2936 2124 3024 idern
2153 2934 2332 3038 videbis,

512 3084 550 3172 si
578 3087 717 3196 placet
745 3080 971 3168 vesiculam
1001 3080 1268 3168 Graahanam
1295 3081 1503 3194 turgidam
1532 3108 1610 3195 per
1638 3081 1751 3167 diem
1779 3084 1849 3168 vel
1877 3080 1998 3168 binos
2027 3077 2118 3165 dies
2145 3105 2336 3165 macera·

512 3225 618 3313 tioni
646 3221 865 3339 subjicere.
923 3222 1080 3309 Melius
1108 3239 1196 3310 tum
1225 3252 1253 3310 a
1280 3227 1407 3310 theca
1435 3222 1610 3311 solvitur
1638 3225 1793 3342 etjam
1822 3223 2007 3336 saepius,
2037 3222 2194 3308 intacto
2222 3221 2337 3308 vesi·

513 3371 635 3454 colae
663 3363 845 3470 indusio,
875 3370 1160 3452 membranam
1189 3370 1453 3480 granulosam
1482 3370 1711 3481 collapsam
1738 3383 2003 3480 transparerc
2026 3364 2126 3451 vidi.
2170 3362 2237 3460 st
2260 3390 2336 3450 ve-

480 3507 484 3520 '
513 3510 646 3597 sicula
672 3509 732 3594 ita
760 3524 969 3594 macerata
998 3501 1186 3634 sectione
1214 3524 1455 3597 transversa
1483 3514 1561 3597 snb
1584 3537 1693 3620 aqua
1715 3509 1901 3613 finditur,
1925 3509 2047 3626 hujus
2070 3510 2337 3594 membranae

431 3667 437 3678 '
516 3653 617 3741 bina
646 3649 819 3737 dimidia
847 3648 1009 3763 integra
1038 3650 1131 3738 fere
1160 3653 1359 3766 reperies.
1431 3651 1483 3742 Si
1512 3679 1614 3740 vero
1642 3653 1729 3738 ictu
1757 3655 1828 3740 vel
1856 3651 1977 3738 brevi
2012 3652 2197 3739 sectione
2227 3649 2338 3736 vesi·

515 3797 632 3882 cadas
653 3793 801 3896 laedis,
825 3797 1069 3879 membrana
1097 3821 1263 3907 semper
1291 3794 1507 3908 pressione
1535 3795 1685 3883 thecae
1709 3795 1975 3882 dilaceratam
2035 3795 2153 3881 ldem
2175 3793 2222 3878 fit
2245 3819 2340 3880 cum

516 3941 686 4025 ovulum
708 3963 733 4020 a
757 3939 859 4019 tuba
887 3934 1100 4047 recipitur.
1160 3937 1245 4024 Ubi
1274 3938 1387 4024 enim
1411 3965 1492 4026 ova
1515 3937 1684 4054 juniora
1713 3937 1759 4024 in
1782 3941 1883 4024 tuba
1906 3953 2081 4024 uterove
2105 3935 2202 4042 vidi,
2226 3961 2338 4022 sem·

516 4105 594 4194 per
622 4076 745 4195 hujus
773 4080 1044 4165 membranae
1072 4075 1250 4164 husarla
1278 4077 1325 4163 in
1353 4079 1421 4165 his
1450 4077 1618 4192 organis
1646 4079 1802 4168 inveni.
1865 4083 1933 4168 Dc
1968 4079 2189 4194 superficie
2216 4077 2339 4196 hujus

517 4224 785 4308 membranae
814 4221 925 4307 laevi
953 4219 1066 4307 inira
1096 4221 1264 4308 demum
1291 4222 1506 4310 locutruus
1536 4249 1641 4311 sum.

670 4360 717 4447 6.
777 4361 944 4449 Hwnor
971 4363 1154 4451 vesicula
1184 4380 1403 4453 contentus
1431 4365 1495 4454 uti
1524 4367 1665 4457 omnia
1692 4368 1822 4454 fluida
1850 4366 2061 4480 organica,
2092 4390 2341 4452 excremen-

516 4502 618 4589 titr‘is
659 4503 850 4618 exceptis
891 4520 935 4593 et
976 4531 1031 4591 ne
1072 4503 1125 4592 iis
1165 4507 1333 4615 quidem
1375 4510 1562 4620 perritrrs,
1605 4538 1663 4597 ex
1678 4509 1830 4624 flrddc
1858 4509 2003 4594 notho
2034 4507 2139 4622 (quo
2168 4508 2339 4596 Nnnsrt

520 4644 844 4732 drmtdsclrleitn
885 4647 1063 4734 reddere
1100 4654 1322 4760 conamur)
1366 4666 1410 4736 ct
1451 4652 1635 4764 granulis
1675 4652 1832 4739 innatis
1868 4650 2143 4763 componitur.
2202 4652 2340 4736 Prac-

513 4804 632 4875 tcrea
660 4790 817 4902 globuli
845 4789 976 4880 oleosi
998 4789 1267 4880 invenitmtrn·
1289 4795 1384 4906 plus
1407 4793 1595 4884 minusve
1616 4795 1664 4882 in
1687 4796 1878 4883 omnibus
1899 4792 2204 4900 mammalibus‚
2231 4819 2342 4904 quae

516 4929 628 5016 hunc
657 4932 701 5016 in
729 4933 855 5020 finem
884 4933 1136 5042 examinavi,
1166 4964 1245 5024 nec
1273 4936 1457 5025 feminae
1486 4939 1683 5025 delicirmt
1711 4939 1932 5026 humanae.
1994 4936 2182 5026 Granula
2210 4963 2343 5052 parva

515 5088 612 5158 sunt
647 5072 895 5184 irregularia
935 5076 1035 5162 hinc
1077 5092 1121 5163 et
1161 5079 1262 5164 inde
1301 5080 1348 5166 in
1383 5082 1602 5168 accrvulos
1631 5085 1834 5187 collecta,
1864 5080 2049 5195 granulis
2076 5079 2339 5168 vitellinariis

515 5213 722 5302 simillima
759 5218 835 5302 sed
875 5215 1037 5304 ratione
1075 5221 1129 5305 ad
1158 5220 1324 5308 laticem
1353 5247 1500 5336 pauca.
1561 5223 1769 5312 erduto
1797 5223 1988 5310 notiam
2016 5222 2219 5311 viscidum
2247 5224 2340 5337 pel-

513 5357 777 5468 lucidumque
806 5373 884 5462 est,
915 5385 971 5445 ex
1001 5361 1192 5450 vesiculis
1220 5364 1395 5478 turgidis
1418 5365 1639 5456 manifeste
1662 5364 1862 5470 flavescit,
1886 5365 2000 5474 quod
2023 5382 2163 5454 tamen
2186 5394 2215 5452 a
2243 5393 2342 5480 gra·

510 5497 625 5586 'nulls
666 5499 842 5588 fortasse
884 5504 1051 5613 pendet.
1118 5504 1338 5619 Lymphae
1379 5526 1600 5622 practerea
1641 5527 1707 5600 cst
1749 5507 1982 5598 simillimus
2026 5511 2099 5597 sed
2142 5511 2342 5624 lymphae
