5284 6572
949 697 1281 712 -......,
1345 645 1407 734 12
1467 693 1799 710 .....-..-.

467 882 583 972 tubis.
606 909 698 982 non·
721 883 922 992 qmestvi.
983 880 1309 983 Gnurssunrut
1347 883 1572 984 admodum
1599 909 1792 969 mancam
1821 883 1876 972 dc
1903 881 1957 970 iis
1984 881 2103 986 dedit
2130 881 2291 968 descri-

468 1025 677 1141 ptionem:
740 1027 872 1131 „Tite
918 1025 1093 1110 candart
1142 1023 1351 1140 (vcsicrda
1390 1022 1671 1138 mentuunt)
1725 1025 1854 1111 made
1897 1054 1928 1110 a
1968 1037 2114 1132 ccnlrc
2154 1015 2293 1138 φάτ’(
2371 1037 2392 1100 J·

472 1167 656 1280 (Ptine.
686 1167 998 1254 -Tramactime
1015 1170 1102 1284 scr
1130 1170 1202 1254 tlte
1238 1167 1358 1254 Ycar
1390 1167 1532 1254 1797.
1556 1196 1670 1280 pag.
1702 1167 1851 1282 2⁰8);
1880 1168 2013 1280 pingit
2048 1183 2190 1254 tamer
2217 1167 2293 1272 ita,

397 1329 402 1344 ·
472 1337 523 1396 ac
548 1310 756 1428 siesseut
786 1310 1013 1422 pellucida,
1043 1311 1158 1396 unde
1186 1337 1289 1398 verc
1318 1309 1426 1396 uilril
1454 1311 1647 1397 concludi
1675 1325 1839 1422 potest,
1868 1337 1968 1396 uam
1994 1304 2222 1397 Pnn'vosr
2252 1323 2295 1398 ct

472 1455 651 1542 Ductus
681 1479 762 1540 cvs
791 1453 942 1540 canina
969 1453 1016 1540 in
1044 1452 1156 1542 tubis
1184 1452 1404 1559 viderunt,
1442 1469 1558 1541 certe
1586 1479 1739 1566 opaca,
1782 1455 1837 1541 de
1866 1479 1950 1561 quc
1977 1469 2120 1538 tamen
2147 1455 2294 1540 obser·

472 1609 640 1683 vatcrcs
668 1608 821 1682 tacent.

1199 1809 1571 1824 m-

1336 2036 1368 2156 v.
1401 2037 1446 2124 a.

1011 2245 1198 2334 Ocula
1226 2247 1286 2330 in
1315 2245 1522 2332 ccaric
1552 2247 1779 2334 caniac.

629 2457 831 2544 Restabat
860 2473 907 2544 ut
935 2459 990 2544 de
1019 2483 1195 2544 ovorum
1230 2457 1543 2544 conditionem
1572 2458 1717 2545 cvaric
1746 2457 1969 2544 certiorem
1997 2483 2065 2542 mc
2094 2454 2297 2557 iacerem3

477 2623 575 2684 nam
616 2623 698 2684 cva
737 2579 824 2686 tam
862 2625 994 2712 parva
1034 2599 1240 2686 vesiculas
1281 2599 1527 2688 Graafianas
1566 2600 1680 2712 ipsas
1724 2627 1781 2686 ex
1809 2600 1955 2716 ovaric
1984 2602 2183 2710 expulsas
2210 2622 2298 2682 ncn

478 2737 627 2834 sistere
655 2741 750 2827 luce
778 2742 931 2829 clarius
960 2741 1097 2828 visum
1126 2759 1215 2846 cst,
1252 2769 1331 2828 uec
1360 2742 1589 2828 verisimile
1617 2741 1747 2828 habui
1775 2758 1862 2829 tam
1891 2741 2027 2827 solida
2056 2741 2299 2851 corpuscula

478 2878 523 2965 in
558 2881 670 2968 tubis
710 2909 767 2969 cx
809 2884 1088 2972 reticulatum
1116 2883 1321 2971 fluiditate
1349 2886 1475 2970 mcdc
1504 2887 1722 2996 coagulata
1751 2911 1859 2972 esse.
1920 2882 2081 2972 Ovaria
2110 2897 2298 2978 contem·

478 3023 600 3134 plant
630 3024 719 3141 jam
760 3041 859 3114 ante
901 3053 1068 3114 omnem
1106 3027 1353 3114 incisionem
1391 3027 1438 3113 in
1479 3052 1727 3137 quammquc
1766 3026 1860 3113 fere
1889 3025 2075 3112 vesicula
2102 3040 2301 3138 punctum

479 3167 759 3254 lutee-album
786 3171 901 3256 clare
929 3169 1128 3273 distinxi,
1170 3170 1283 3278 qnod
1313 3169 1559 3254 velamentis
1588 3169 1797 3255 vesiculae
1826 3172 1942 3256 nullo
1971 3171 2096 3254 mcdc
2126 3165 2301 3274 affixum

325 3324 328 3334 '
480 3305 612 3394 libere
645 3307 799 3418 liquori
826 3310 1018 3398 innatare
1046 3312 1234 3425 pressio,
1275 3311 1446 3423 specdlc
1475 3311 1521 3396 in
1550 3311 1776 3398 vesiculam
1805 3311 1942 3416 lacta,
1972 3309 2192 3396 manifeste
2222 3309 2300 3417 dc-

481 3449 582 3535 cuit..
640 3449 890 3540 Ctuicsitate
918 3456 1099 3564 quadam
1126 3453 1266 3565 potius
1294 3456 1502 3558 seductus,
1532 3481 1658 3563 quam
1686 3479 1762 3566 spe
1790 3469 1927 3540 motus
1954 3479 2023 3538 me
2045 3452 2170 3538 nudis
2199 3478 2301 3538 ccu-

480 3590 535 3676 lis
572 3618 649 3704 per
689 3620 835 3684 omnes
870 3594 1149 3682 vesicularum
1179 3595 1496 3684 Graatiauarum
1524 3596 1696 3688 tunicas¹
1715 3598 1841 3682 cvula
1868 3594 1916 3680 in
1944 3593 2100 3682 crariis
2128 3595 2299 3700 vidisse,

482 3733 708 3828 vesiculam
737 3737 899 3848 aperui,
931 3739 1088 3848 dequo
1117 3738 1209 3824 dixi
1237 3755 1436 3850 punctum
1464 3737 1623 3826 cultelli
1651 3738 1807 3826 lamina
1838 3741 1946 3846 (tam
1974 3737 2167 3824 distincte
2195 3737 2300 3856 illud

484 3874 572 3960 vidi
601 3891 698 3964 eta
728 3905 848 3966 muco
877 3879 1160 3968 circumdante
1189 3879 1388 3993 discrevi)
1419 3881 1578 3992 arripui
1606 3898 1650 3968 et
1677 3879 1949 3990 micrcsccpic
1977 3878 2147 3993 subjeci.
2205 3878 2301 3967 Ol)-

484 4016 622 4131 stupui
650 4020 852 4131 profecto,
882 4049 977 4108 cum
1006 4025 1175 4109 cvulum
1203 4049 1261 4108 cx
1288 4021 1399 4107 tubis
1422 4021 1511 4139 jam
1539 4020 1748 4132 cognitam
1774 4037 1862 4107 tam
1883 4023 1998 4106 clarc
2026 4021 2227 4126 viderem,
2257 4037 2304 4108 ut

484 4187 634 4248 coecus
663 4160 735 4248 vix
763 4179 951 4276 negaret.
1025 4165 1184 4254 Mirum
1214 4191 1316 4250 sane
1345 4178 1409 4252 est
1439 4180 1483 4250 et
1522 4163 1876 4275 inexspectatum,
1913 4191 2003 4266 rem
2043 4178 2129 4248 tam
2168 4163 2302 4275 perti-

485 4301 646 4408 naciter
673 4304 922 4413 quaesitam,
949 4308 1020 4391 ad
1060 4335 1259 4394 nauscam
1294 4333 1426 4416 usquc
1463 4305 1508 4392 in
1536 4333 1782 4417 quocunque
1810 4304 2056 4416 compendio
2084 4304 2302 4419 physiolo-

486 4443 578 4558 gicc
620 4445 680 4534 uti
721 4445 1056 4538 inextricabilem
1084 4465 1328 4554 tractatam,
1365 4465 1451 4538 tam
1479 4449 1677 4538 facillimo
1706 4447 1873 4558 negotio
1902 4462 2000 4533 ante
2029 4451 2171 4536 cordos
2199 4449 2301 4563 poni

486 4613 624 4702 posse.

638 4733 706 4820 Nc
723 4735 849 4847 longo
872 4761 1065 4824 sermone
1087 4738 1205 4842 Vos,
1235 4741 1350 4825 Vrnr
1384 4759 1837 4839 uxcnuunurrssrur,
1868 4753 2046 4838 teneam,
2071 4761 2127 4820 ex
2149 4737 2302 4822 multo-

487 4901 595 4960 rum.
609 4875 848 4964 cvaricrum
876 4881 1119 4968 caninorum
1148 4881 1442 4969 observatione
1471 4883 1646 4993 posthac
1672 4877 1860 4991 instituta
1888 4877 1934 4962 id
1957 4891 2117 4962 tantum
2144 4875 2302 4966 afferre

487 5019 629 5120 lubet,
659 5021 771 5126 quod
800 5046 854 5105 ue
884 5025 1015 5108 ullum
1044 5022 1212 5130 quidem
1240 5023 1351 5108 inter
1380 5051 1431 5108 ea
1461 5039 1581 5121 crat,
1617 5022 1663 5106 in
1698 5046 1782 5128 quc
1810 5047 1896 5106 ncn
1924 5020 2072 5103 saltem
2101 5023 2301 5108 nonnulla

489 5161 628 5264 cvula,
658 5158 824 5246 intactis
852 5161 1019 5267 averiis,
1048 5162 1171 5248 nudis
1199 5163 1330 5250 cculis
1352 5165 1609 5262 translucere
1632 5162 1823 5248 viderim.
1865 5163 1916 5246 lu
1939 5159 2113 5266 canibus
2136 5162 2300 5250 obesio-

490 5301 605 5388 ribus
633 5301 840 5416 pinguedo
869 5303 994 5392 ctiam
1022 5305 1175 5392 cvariis
1199 5333 1286 5392 non
1314 5305 1479 5417 penitus
1507 5306 1638 5392 deest.
1709 5306 1760 5389 ln
1794 5303 1860 5390 his
1888 5331 2021 5416 pauca
2050 5331 2150 5415 ergo
2180 5307 2304 5390 cvula

492 5459 534 5534 et
562 5445 717 5532 haecce
746 5450 799 5531 alr
829 5463 951 5536 acuto
980 5449 1100 5536 cculc
1129 5448 1362 5560 talibusque
1392 5445 1748 5536 obsecrationibus
1774 5461 1940 5534 assueto
1964 5461 2062 5532 ante
2085 5445 2302 5532 dissectio-
