5284 6572
988 669 1442 757 ——---30

496 913 565 996 vel
594 913 672 994 sub
703 908 824 1012 disci,
869 911 936 991 vel
971 910 1049 990 sub
1085 905 1266 990 laminae
1296 904 1426 1018 magis
1455 901 1656 992 extensae
1685 920 1728 990 et
1768 922 1966 992 curvatae
2007 904 2166 1008 bama,
2208 929 2321 992 sem-

497 1080 573 1166 per
614 1079 716 1138 vero
758 1051 860 1135 clisci
902 1047 1101 1160 proligeri
1143 1047 1448 1152 mammalium,
1491 1050 1547 1133 dc
1587 1074 1672 1156 quo
1714 1047 1923 1153 diximus,
1978 1051 2116 1134 locum
2157 1064 2320 1135 teneus.

496 1196 665 1282 Minora
709 1193 856 1279 Astaci
897 1190 1108 1277 fluviatilis
1150 1217 1231 1276 ova
1272 1216 1573 1303 saepenumero
1620 1217 1872 1302 magnopere
1908 1195 2169 1304 complanata
2211 1207 2320 1293 sunt,

496 1338 692 1447 quoniam
722 1335 892 1444 quidem
920 1334 1028 1418 mltil
1058 1332 1148 1418 fere
1177 1333 1416 1437 continent,
1459 1333 1541 1420 uisi
1577 1349 1752 1420 stratum
1789 1337 2058 1446 panmoaum
2087 1361 2182 1419 curm
2210 1333 2315 1420 vesi·

497 1483 590 1567 cula
620 1495 663 1565 et
692 1481 858 1564 cumulo
888 1476 1014 1592 (Fig.
1045 1475 1245 1560 XXIII.
1255 1471 1285 1587 )‘.
1346 1477 1397 1561 ln
1425 1475 1607 1586 ophidiis
1642 1492 1685 1562 et
1726 1475 1876 1563 sauciis
1912 1479 2040 1564 talem
2081 1477 2239 1563 discum
2276 1477 2322 1560 in

496 1623 588 1711 ovis
629 1625 683 1707 ad
729 1647 931 1707 summam
971 1645 1081 1731 pene
1123 1617 1405 1704 maturitatem
1446 1619 1655 1731 provectis
1673 1703 1684 1716 ,
1699 1619 1884 1704 maxime
1926 1621 2138 1706 excultum
2179 1619 2322 1704 inveni

495 1763 800 1872 halonibusque
829 1765 922 1875 plus
951 1760 1140 1846 minusve
1169 1777 1369 1848 notatum.
1432 1758 1617 1848 Granula
1649 1762 1836 1848 enimin
1864 1761 2043 1847 citandos
2071 1761 2131 1848 ita
2167 1787 2323 1866 conge-

496 1923 560 1993 sta
590 1921 724 2009 erant,
756 1905 876 1990 utin
906 1902 999 1988 aliis
1028 1953 1088 1968 -
1116 1904 1249 2014 magis
1278 1903 1403 1988 luteis
1430 1953 1490 1968 -
1519 1907 1696 2015 granula
1724 1906 2043 2016 praevalerent,
2073 1903 2117 1988 in
2148 1903 2241 1990 aliis
2263 1953 2323 1968 -

495 2049 628 2162 magis
657 2045 844 2134 obscuris
872 2087 939 2114 --·
961 2049 1078 2131 latex
1107 2049 1282 2157 granula
1306 2046 1558 2162 conjungens
1590 2045 1715 2158 (Fig.
1741 2045 1839 2129 XV
1834 2044 1915 2157 L).
1976 2047 2267 2132 Blastoderma
2296 2073 2322 2130 e

497 2189 707 2288 contrario
734 2189 781 2274 iu
810 2189 1007 2274 oviductu
1036 2205 1277 2298 serpentum
1304 2204 1399 2299 post
1429 2187 1744 2299 conceptionem
1773 2204 1818 2274 et
1841 2188 2069 2275 vesiculam
2091 2188 2322 2302 dismptam

497 2331 677 2420 crassius
705 2331 870 2443 reperi,
902 2357 1028 2442 supra
1057 2329 1246 2415 vitellum
1275 2333 1483 2416 elevatum
1511 2329 1720 2440 facileque
1748 2331 2052 2437 auferendum,
2083 2331 2181 2418 licet
2210 2349 2322 2416 mara

497 2476 662 2589 ginibus
691 2501 788 2562 cum
816 2472 959 2559 vitello
989 2487 1228 2558 concretum
1258 2474 1395 2558 adhuc
1424 2489 1550 2574 esset,
1580 2474 1707 2559 nullis
1735 2473 1956 2560 balonibus
1987 2475 2178 2587 priminas
2200 2491 2323 2561 uota-

497 2635 606 2721 tum,
648 2617 733 2703 imo
775 2619 1024 2728 oblongam:
1079 2641 1174 2700 cum
1208 2615 1378 2724 quidem
1421 2632 1615 2721 stratum,
1664 2618 1775 2726 quod
1818 2643 1913 2701 cum
1954 2617 2070 2704 disco
2113 2617 2322 2728 proligero

498 2785 728 2873 compono,
765 2757 1002 2846 orbiculare
1039 2774 1163 2844 esset.
1224 2759 1275 2843 ln
1303 2748 1553 2863 barrochiis,
1596 2759 1828 2871 acephalis,
1871 2760 2216 2872 gastempodibns
2256 2759 2323 2843 di-

498 2929 614 2988 scum
650 2900 903 3014 proligerum
938 2900 1050 2986 circa
1086 2900 1312 2986 vesiculam
1347 2927 1433 2988 non
1468 2901 1584 3004 vidi3
1626 2901 1671 2987 in
1708 2901 1775 2988 his
1804 2901 1960 2988 etenim
1990 2928 2066 3014 pro
2096 2902 2212 2990 disco
2242 2902 2322 2986 im-

497 3071 638 3132 merso
681 3046 948 3157 granulosum
983 3057 1159 3130 stratum
1194 3041 1310 3128 circa
1344 3043 1478 3130 vitelli
1519 3057 1681 3156 partem
1709 3045 1911 3161 maiorem
1941 3048 2051 3130 bene
2079 3044 2321 3157 percipitur.

498 3190 550 3274 ln
590 3187 816 3274 barrochiis
856 3186 1022 3298 nigrum
1062 3201 1127 3270 ost
1168 3185 1320 3294 orique
1361 3186 1575 3272 dimidium
1623 3186 1898 3298 amplectitur.
1980 3188 2056 3291 ld,
2104 3201 2323 3298 postquam

498 3330 686 3418 vesicula
722 3328 977 3441 perforatum
1013 3343 1106 3427 est,
1131 3329 1328 3415 crassius
1369 3328 1416 3414 lit
1455 3332 1713 3439 multumque
1754 3330 1800 3414 in
1840 3327 1997 3415 ambitu
2026 3329 2201 3433 crescit,
2236 3331 2322 3445 jam

499 3471 835 3559 blastodermatis
875 3470 987 3556 vices
1028 3497 1192 3582 gerens.
1264 3470 1418 3558 Discus
1457 3474 1526 3557 vel
1565 3487 1740 3560 stratum
1776 3471 2029 3584 proligerum
2057 3471 2103 3557 in
2132 3473 2324 3560 omuibus

500 3613 673 3718 forsitan
702 3613 794 3701 ovis
823 3612 980 3722 aliquid
1012 3615 1066 3699 ad
1096 3614 1378 3700 blastoderma
1408 3613 1742 3702 eonstintendum
1771 3611 1961 3716 conlert3
2003 3613 2077 3699 ubi
2106 3641 2207 3702 vero
2235 3615 2324 3726 pri·

499 3757 624 3844 minus
663 3757 796 3869 magis
838 3783 863 3842 a
904 3760 1162 3843 membrana
1184 3757 1320 3845 vitelli
1355 3757 1507 3862 distat,
1545 3785 1631 3846 non
1665 3775 1752 3847 tam
1781 3756 1940 3842 directe
1968 3755 2014 3840 in
2042 3756 2323 3844 blastoderma

501 3911 700 3985 mutatur.
766 3896 841 3985 Sic
871 3898 916 3982 in
944 3900 1103 3984 Astaco
1131 3899 1320 3987 fluviatili
1351 3915 1535 3987 exetmte
1564 3913 1763 3986 autumno
1793 3898 1954 3986 discum
1990 3897 2243 4010 proligerum
2278 3900 2322 3984 in

500 4040 589 4128 ovis
618 4039 843 4157 majoribus
871 4041 984 4127 haud
1015 4039 1152 4126 minus
1180 4041 1373 4148 discrevi,
1404 4069 1529 4151 mam
1558 4042 1604 4126 in
1632 4040 1813 4127 minimis
1835 4057 1930 4154 post
1953 4049 2085 4128 annos
2108 4043 2325 4152 de'ponen·

500 4185 580 4270 dis.
641 4184 793 4270 Mense
822 4183 964 4296 Aprili
992 4211 1119 4288 vero,
1148 4183 1223 4269 ubi
1245 4211 1335 4272 ova
1357 4185 1445 4302 pm
1473 4201 1595 4297 parta
1624 4189 1704 4271 snb
1733 4186 1868 4270 cauda
1903 4183 2194 4286 inveniuntur,
2237 4181 2324 4295 pri·

500 4324 626 4412 mittrs
643 4326 942 4412 blastoderma
978 4326 1100 4412 adest
1134 4329 1318 4434 nullum,
1360 4345 1449 4414 tum
1486 4332 1565 4414 sub
1601 4327 1736 4414 iorrrm
1772 4328 1952 4424 nebulae
1981 4323 2325 4412 indeterminatae

502 4481 677 4580 apparet
706 4465 831 4582 (Fig.
862 4465 1077 4580 XXX),
1107 4494 1208 4555 mox
1236 4470 1449 4558 solidescit
1479 4487 1523 4556 et
1549 4470 1702 4555 limites
1731 4466 1947 4555 distinctos
1977 4466 2175 4572 exbibet,
2206 4465 2324 4577 quasi

501 4607 605 4696 disci
645 4609 844 4723 proligeri
886 4610 1120 4697 nrbstamm
1161 4601 1316 4698 sensim
1352 4611 1600 4721 sensimque
1634 4591 1723 4698 'huc
1762 4609 1974 4722 migraret.
2046 4609 2194 4697 Simile
2223 4611 2324 4717 quid

499 4755 702 4839 lluaono
732 4751 778 4838 in
806 4779 1057 4840 marearum
1084 4754 1175 4841 ovis
1203 4759 1450 4844 observasse
1478 4755 1669 4859 udatur,
1712 4781 1807 4842 urm
1842 4757 1898 4876 de
1932 4755 2096 4838 macida
2130 4753 2327 4860 loquatur

502 4893 705 4980 dissoluta
734 4911 777 4980 et
805 4897 944 4984 denuo
975 4897 1166 4984 formata.
1764 4957 1767 4967 ·

654 5036 797 5144 Atque
826 5040 881 5158 ad
910 5066 1084 5126 ovorum
1113 5039 1392 5128 conditionem
1421 5041 1535 5150 quod
1564 5039 1732 5146 attinet,
1762 5041 1869 5127 haec
1897 5040 2103 5123 duntaxat
2130 5041 2323 5126 monebo.

501 5177 599 5268 Ova
629 5180 853 5292 gignuntur
881 5178 926 5264 in
956 5181 1192 5270 oratiorum
1221 5186 1576 5297 parencbymate,
1618 5185 1730 5294 quod
1759 5183 1803 5269 in
1840 5178 2125 5292 mporionom
2162 5179 2324 5267 amma·

502 5320 626 5424 libus,
657 5322 888 5434 generatim
917 5323 1076 5429 sumtis,
1107 5328 1277 5414 densius
1307 5353 1401 5414 esse
1429 5330 1537 5415 solet
1563 5353 1691 5442 'quam
1719 5327 1765 5411 in
1794 5322 2077 5426 inferioribus,
2107 5325 2154 5410 in
2172 5322 2323 5434 quihus

502 5465 737 5550 adsuetum
767 5464 972 5572 liquidum
1013 5463 1103 5554 fere
1144 5495 1443 5580 nonnunquam
1478 5469 1652 5555 accedit.
1727 5465 1833 5554 carn
1869 5471 1996 5554 rebus
2030 5461 2323 5576 comparandis
