5284 6572
420 1321 588 1436 vnu
637 1278 1377 1433 nxounnuurrssnn
1429 1320 2079 1438 ennnnusrnusr

494 1693 832 1884 Sufficgium
870 1736 1169 1868 Vasacen,
1241 1777 1346 1887 quo
1391 1779 1476 1851 me
1510 1743 1909 1854 Academiae
1952 1744 2021 1852 ab
2057 1744 2162 1891 epi·

338 1889 481 2002 stolis
514 1926 626 1998 esse
666 1887 922 2019 voluistis,
968 1905 1214 2035 quantmn
1246 1929 1332 1999 me
1370 1890 1627 2017 extulerit,
1675 1891 1854 2007 Vonrs
1888 1895 2162 2004 enunciare

337 2039 477 2149 baud
519 2039 777 2168 conabor,
836 2037 1064 2188 inprimis
1111 2076 1229 2146 cmn
1277 2079 1389 2170 me,
1448 2040 1709 2153 hominem
1763 2080 1982 2175 novurn,
2043 2083 2162 2152 cmn

337 2191 456 2326 viris
490 2189 843 2340 conjmuistis,
901 2227 1123 2337 quornm
1164 2191 1374 2302 nomina
1416 2190 1621 2339 plurimi
1663 2192 1905 2339 ponderis
1949 2212 2065 2304 sunt
2108 2194 2162 2303 in

335 2341 600 2490 republica
643 2340 919 2455 literarum.
1012 2339 1135 2455 Vos
1176 2379 1262 2452 nre
1318 2342 1578 2454 adhortari
1619 2343 1842 2458 voluisse
1884 2363 2037 2493 puto,
2094 2383 2162 2455 ne

336 2494 491 2621 otior,
536 2491 630 2601 sed
660 2491 859 2602 intentis
891 2490 1082 2607 viribus
1114 2509 1372 2604 tantorum
1404 2493 1632 2606 virorum
1663 2495 1875 2642 vestigia
1906 2534 2157 2644 premam.

337 2638 548 2757 Gratias
590 2681 688 2791 pro
733 2641 978 2757 Vesana
1024 2679 1150 2788 erga
1192 2683 1278 2755 me
1325 2642 1682 2758 benevolentia
1725 2684 1833 2758 non
1865 2647 2031 2794 aptius
2075 2685 2161 2756 me

334 2813 567 2904 aetrnum
601 2831 816 2921 censeo,
860 2793 1091 2940 quamsi
1141 2792 1455 2908 Voerscou
1509 2794 1771 2908 inventum
1824 2797 2160 2910 novissimmn

337 2946 688 3075 communico,
745 2941 915 3090 quod,
970 2982 1089 3051 cnm
1132 2943 1201 3050 ad
1244 2939 1503 3053 historiam
1549 2946 1852 3060 evolutionis
1895 2948 2159 3096 pertineat,

334 3097 433 3208 sub
465 3095 722 3208 Vssrurs
756 3093 992 3241 auspiciis
1025 3095 1079 3202 in
1111 3092 1282 3202 lucem
1303 3092 1538 3239 proferre
1571 3135 1827 3208 suminam
1858 3098 1982 3210 mihi
2014 3135 2160 3246 prae·

149 3363 155 3374 ,
334 3249 422 3358 bet
467 3245 800 3393 voluptatem.
883 3243 1129 3359 Vesana
1174 3243 1740 3375 errimAcodemio,
1796 3248 2160 3361 nbideinve·

332 3397 576 3546 stigandis
609 3414 821 3506 naturae
842 3395 1094 3539 mysteriis
1127 3396 1180 3504 in
1215 3393 1524 3506 fabricandis
1556 3399 1705 3511 novis
1739 3400 2043 3548 corporibus
2076 3438 2159 3511 or·

328 3550 526 3698 garricis
570 3587 740 3660 sermo
773 3545 855 3677 fit,
937 3585 1028 3657 rae
1065 3547 1248 3658 ceteris
1292 3583 1449 3692 quarn
1492 3549 1710 3666 multum
1754 3553 2001 3680 emineat,
2047 3550 2160 3698 quis

333 3718 433 3829 cst,
469 3698 555 3847 qui
588 3697 805 3806 nesciat!
933 3699 1280 3825 bservatores‚
1326 3699 1414 3844 qui
1445 3697 1683 3812 historiae
1716 3701 2022 3817 evolutionis
2053 3700 2160 3808 ani·

326 3851 544 3960 malium
577 3847 743 3996 prima
776 3845 1110 3958 fimdarnenta
1142 3847 1308 3960 solida
1330 3867 1635 3994 posuerunt,
1688 3850 1954 3964 Vesanus
1997 3854 2159 3960 Acu-

331 4007 509 4112 demi
516 4041 592 4111 oe
623 4000 857 4110 membra
900 3997 985 4112 vel
1019 3997 1225 4108 suerrurt
1265 3996 1351 4110 vel
1384 3998 1552 4110 adbuc
1584 4019 1724 4110 sunt:
1788 3998 1867 4116 vir
1898 4002 2159 4149 sempiter-

331 4189 430 4262 nae
452 4150 649 4298 gloriae
672 4147 912 4294 Cuseuu
945 4147 1300 4260 Furosurous
1335 4147 1575 4278 Wonur,
1610 4151 1692 4265 cui
1718 4151 1925 4296 ingenio
1946 4188 2157 4302 paucos,

242 4317 286 4382 9
330 4301 705 4454 perseverantia
734 4336 860 4412 vero
901 4297 956 4406 in
987 4296 1348 4442 investigandis
1389 4298 1544 4408 rebus
1584 4300 1917 4414 subtilissimis
1959 4301 2159 4412 nullum

332 4491 514 4604 parem
533 4451 657 4566 vidit
679 4449 818 4564 orbis
840 4467 1103 4578 terrarum,
1140 4455 1283 4597 cujus
1306 4486 1497 4561 nomen
1517 4449 1627 4561 sine
1646 4451 1887 4599 religiosa
1908 4452 1999 4562 illa
2016 4489 2158 4568 vere·

332 4603 518 4718 cundia
551 4601 824 4712 enunciare
856 4639 1087 4750 nequeo,
1122 4635 1226 4745 qua
1258 4636 1341 4709 res
1364 4599 1567 4714 divium
1588 4603 1796 4750 originis
1827 4643 2157 4734 veneramnr3

331 4777 383 4873 et
416 4753 812 4868 Cnursrrruus
845 4751 1108 4880 Pernen,
1157 4749 1228 4858 ad
1259 4759 1402 4899 cujus
1426 4752 1728 4862 clarissimas
1757 4773 1808 4879 et
1828 4753 1998 4864 lucem
2018 4773 2156 4863 tene·

330 4908 436 5021 bris
471 4899 752 5014 afferentes
785 4899 1159 5050 disquisitiones
1193 4899 1260 5008 de
1302 4900 1432 5046 pulli
1475 4900 1769 5015 evolutione
1809 4941 1989 5014 arsam
2031 4943 2154 5053 qna·

330 5062 637 5203 lemcunque
669 5053 824 5166 beato
844 5053 935 5168 illo
957 5070 1190 5200 tempore
1210 5050 1524 5198 praebuisse,
1558 5091 1664 5201 quo
1686 5051 1914 5170 lcuuru
1957 5057 2155 5164 Dour·

331 5248 563 5334 crucan,
596 5204 823 5352 magistri
853 5203 1013 5318 nostri
1044 5202 1113 5311 ad
1145 5202 1339 5312 cineres
1370 5239 1558 5350 usque,
1603 5243 1866 5353 nunquam
1897 5246 2023 5324 vero
2057 5244 2154 5355 pro

329 5358 518 5472 meritis
563 5357 681 5466 satis
715 5355 945 5486 colendi,
1002 5353 1308 5466 iustiortione
1351 5371 1401 5461 et
1441 5357 1810 5468 consuetudine
1850 5359 1928 5469 nsi
1961 5399 2151 5490 sumus,

328 5511 532 5662 semper
564 5506 842 5657 gloriabor.
