5284 6572
1182 1254 1215 1423 p.
1254 1307 1294 1388 1.

835 1519 1019 1603 Fetus
1055 1515 1261 1600 cattini
1288 1516 1639 1627 primordio.

477 1761 606 1920 Jam
635 1831 768 1944 primo
797 1829 889 1916 sere
919 1829 1101 1942 impetu,
1132 1858 1270 1940 quoa
1307 1833 1466 1944 collega
1507 1829 1657 1918 illustri
1686 1836 1921 1924 Busnnca
1953 1839 2145 1948 monitus,

325 1996 372 2064 ut
401 1980 453 2063 ad
483 1973 816 2091 cognoscendam
844 1975 1124 2058 mammalium
1154 1974 1431 2060 evolutionem
1460 1974 1613 2083 aliquid
1645 1977 1901 2086 conferrem,
1932 1983 1997 2069 bis
2027 1985 2145 2072 inve-

192 2095 198 2105 *
324 2121 613 2234 stigationibus
642 2146 710 2204 me
739 2120 842 2204 dare
872 2117 1128 2228 inceperam,
1160 2144 1306 2202 canem
1335 2134 1633 2228 praegnantem
1662 2125 1886 2207 observare
1910 2125 2038 2231 licuit,
2070 2159 2144 2215 eu-

321 2265 389 2380 jus
431 2292 510 2350 ova
551 2266 724 2349 multum
765 2258 1014 2373 profuerunt
1051 2259 1094 2343 in
1135 2261 1414 2370 comparanda
1456 2260 1693 2348 evolutione
1730 2268 2009 2354 mammalium
2051 2301 2145 2358 cum

326 2409 475 2493 eadem
510 2408 555 2491 in
591 2405 751 2490 avibus.
817 2405 927 2506 lmo,
966 2417 1189 2488 anatomen
1224 2402 1348 2516 hujus
1372 2403 1639 2489 evolationis
1675 2407 1827 2515 gradus
1862 2436 1973 2519 pene
2003 2418 2145 2500 absol·

326 2549 477 2654 verim,
515 2549 552 2634 si
569 2591 572 2600 ·
591 2564 680 2633 tum
709 2544 907 2657 temporis
931 2545 1019 2659 jam
1048 2545 1149 2630 satis
1178 2544 1223 2628 in
1251 2543 1318 2629 bis
1347 2544 1699 2654 disquisitionibus
1729 2566 1918 2637 versatus
1959 2555 2143 2643 fuissem.
2194 2657 2197 2664 Ι

326 2694 392 2778 Ex
421 2709 600 2802 quatuor
628 2689 717 2776 ovis
746 2715 847 2774 vero
877 2686 1001 2792 bina,
1032 2691 1143 2772 mala
1172 2689 1369 2773 methodo
1397 2715 1510 2794 usus,
1541 2689 1744 2794 destruxi,
1775 2720 1859 2800 quo
1883 2694 2036 2782 lacuum
2067 2717 2143 2805 est,

325 2853 373 2921 ut
408 2862 535 2921 areae
570 2836 813 2920 vasculosae
849 2829 1048 2916 ambitum
1083 2829 1270 2917 indicare
1305 2859 1416 2917 nrmc
1451 2857 1670 2940 nequeam.
1749 2837 1799 2918 ln
1834 2853 1999 2924 uterum
2035 2841 2146 2928 enim

326 2979 421 3065 cani
450 2978 570 3063 vivae
606 2989 817 3087 ereptum,
861 2971 974 3059 omni
1009 2971 1215 3058 vitalitate
1249 2972 1505 3084 praeditum,
1543 2973 1683 3080 incidi,
1714 2979 1824 3086 quod
1861 2980 1987 3067 bodie
2022 2987 2146 3071 valde

325 3121 561 3209 dissuadeo.
621 3122 715 3208 Jam
743 3118 789 3201 in
817 3115 987 3225 reliquis
1021 3115 1310 3202 mammalibus
1347 3113 1517 3201 difficile
1547 3143 1716 3228 scopum
1745 3121 1825 3205 bae
1854 3121 1923 3206 via
1953 3125 2144 3238 attinges,

326 3263 370 3350 in
399 3291 505 3350 cane
534 3290 635 3349 vero
665 3287 833 3372 semper
862 3287 940 3346 ova
965 3258 1142 3374 juniora
1163 3257 1528 3347 contractionibus.
1546 3259 1654 3344 uteri
1689 3260 1993 3371 dilacerantur,
2032 3273 2144 3378 quod

326 3423 369 3494 et
397 3407 450 3494 iis
480 3407 679 3493 accidisse
708 3403 892 3507 videtur,
929 3401 1001 3512 qui
1028 3402 1215 3514 pluribus
1243 3400 1575 3488 hebdomadibus
1602 3419 1697 3514 post
1725 3407 2037 3518 conceptionem
2066 3439 2145 3498 ova

327 3550 371 3635 in
399 3566 518 3635 utero
554 3547 836 3634 mammalium
875 3573 962 3632 non
1001 3546 1262 3632 invenenmt.
1313 3541 1557 3658 (atubger
1581 3549 1779 3658 gelehrte
1807 3549 2026 3664 Anaergen
2055 3584 2147 3641 vom

195 3722 202 3734 ·
326 3681 465 3778 lubre
516 3687 657 3794 1824,
700 3719 813 3804 pag.
852 3683 986 3798 195).
1043 3686 1267 3773 ·Te1tium
1303 3713 1428 3774 ovum
1468 3704 1563 3799 post
1604 3690 1708 3774 duas
1748 3690 1876 3776 boras
1913 3720 1970 3778 ex
2011 3713 2144 3803 utero,
2250 3811 2255 3816 Ι

326 3835 438 3922 vitae
462 3835 549 3950 jam
579 3849 779 3944 experte,
823 3833 1054 3917 enucleare
1074 3828 1225 3915 sttrdui.
1297 3829 1418 3916 Uteri
1447 3856 1576 3915 comu
1606 3857 1730 3943 supra
1760 3859 1883 3919 ovum
1912 3839 2147 3928 cautissime

327 3979 468 4084 scisso,
500 3977 569 4062 ovi
598 3980 885 4061 membranam
925 3989 1144 4060 externam
1173 3970 1282 4058 villis
1311 3971 1543 4060 numerosis
1571 3974 1801 4087 praeditam
1832 3977 2030 4070 intactam
2060 3985 2147 4073 dis·

327 4120 457 4205 tincte
494 4116 715 4229 conspexi,
765 4145 891 4226 quam
925 4144 1052 4221 vero,
1096 4119 1231 4203 cultro
1273 4116 1442 4203 omnino
1483 4119 1664 4230 seposito
1694 4127 2008 4234 contemplatus,
2040 4130 2148 4214 uteri

327 4261 606 4375 marginibus,
648 4260 721 4369 qui
755 4257 864 4344 villis
905 4257 988 4342 illis
1024 4259 1252 4346 arctissime
1275 4253 1364 4376 jam
1387 4261 1520 4375 juncti
1549 4277 1682 4364 erant,
1712 4263 1916 4371 retractis,
1948 4268 2148 4385 disrumpi

327 4399 444 4490 vidi!
485 4404 635 4489 Fetum
668 4418 812 4486 tamen
845 4399 1051 4514 integrum
1086 4400 1227 4486 inveni
1268 4418 1310 4487 et
1350 4427 1493 4490 aream
1534 4405 1792 4490 vasculosam
1828 4411 2061 4519 splendide*
2074 4445 2148 4502 ru-

327 4553 498 4634 bentem
534 4544 761 4629 admiratus
796 4572 901 4630 sum.
972 4545 1181 4655 Quartum
1210 4544 1392 4655 denique
1421 4573 1546 4630 ovum
1574 4563 1669 4658 post
1697 4549 1914 4635 meridiem
1943 4579 1999 4638 ex
2028 4573 2148 4643 utem

322 4692 410 4808 jam
450 4690 665 4801 paululum
700 4686 874 4770 flaccido
901 4685 1212 4798 integerrimum
1241 4689 1390 4774 evolvi.
1449 4689 1501 4772 In
1542 4689 1830 4777 examinandis
1860 4709 1902 4778 et
1931 4696 2147 4783 delinean-

328 4834 392 4921 dis
432 4829 684 4917 membranis
715 4827 887 4936 aliisque
916 4831 1041 4912 rebus
1070 4830 1196 4912 boras
1225 4833 1367 4940 plures
1396 4830 1528 4940 posui,
1559 4858 1642 4936 quo
1671 4830 1827 4915 factum
1857 4850 1934 4939 est,
1964 4853 2024 4941 ut,
2053 4869 2148 4926 cum

329 4977 383 5060 ad
413 4971 804 5085 contemplationem
844 4996 969 5055 areae
1004 4973 1246 5056 vasculosae
1281 4998 1358 5082 per
1398 4969 1713 5081 microseopium
1741 5000 1809 5059 me
1846 4996 2145 5092 converterem,

327 5115 438 5203 illius
468 5116 665 5202 ambitum
693 5116 806 5199 baud
838 5111 1012 5224 amplius
1043 5113 1282 5200 discernere
1305 5139 1471 5225 possem
1494 5129 1537 5199 et
1560 5114 1738 5200 nuncin
1761 5117 1887 5205 dubio
1911 5121 2152 5232 relinquere·

325 5275 494 5348 coactus
523 5257 613 5343 sim.
674 5257 762 5346 Sed
792 5254 1026 5342 methodice
1055 5262 1260 5343 enarrabo
1289 5251 1538 5343 observata!

478 5399 629 5487 Trium
669 5401 991 5485 hebdomadum·
1013 5397 1301 5511 graviditatem
1337 5398 1444 5483 dixit
1484 5399 1598 5486 canis
1634 5401 1850 5508 venditor,
1892 5410 2005 5513 quod
2052 5440 2146 5501 cum

325 5541 684 5650 observationibus
712 5541 898 5630 Butam
931 5539 999 5655 (in
1029 5542 1162 5630 Novis
1188 5543 1305 5627 Aetas
1334 5555 1426 5628 net.
1463 5539 1564 5629 Cur.
1602 5543 1720 5628 Tum.
1751 5543 1841 5660 X.)
1873 5573 1929 5632 ex
1958 5567 2145 5667 tempore

1711 5687 1732 5770 l
