5284 6572
814 587 1648 676 ..........19.............

1165 865 1199 984 s.
1245 863 1288 953 ⁵.

419 1047 694 1138 Historiae
741 1051 1059 1139 evolationis
1106 1051 1450 1138 ntommulium
1499 1053 1668 1138 breuis
1715 1067 2035 1170 conspectus.

308 1341 315 1346 ,,
454 1253 546 1358 Ut,
588 1280 698 1364 miae
725 1255 795 1342 via
823 1255 1066 1366 remogrnda
1094 1253 1450 1367 investigavimus,
1493 1243 1670 1342 clariora
1698 1257 1820 1362 bant,
1857 1257 2139 1344 mammalium

318 1392 597 1482 evolutionem
626 1424 653 1480 a
682 1397 816 1510 pn‘mo
847 1397 961 1484 ovuli
990 1395 1163 1510 vestigio
1193 1396 1313 1484 adid
1344 1424 1477 1508 usque
1506 1413 1682 1511 tempus
1697 1400 1881 1487 breviter
1910 1427 2139 1513 persequa-

316 1537 435 1642 mur,
485 1566 569 1649 quo
594 1537 681 1654 jam
709 1539 966 1628 manifestior
994 1541 1053 1625 lit.

469 1680 583 1791 Ouid
614 1681 730 1792 prius
759 1683 887 1788 adsit,
929 1699 1068 1769 utrum
1096 1682 1375 1769 mammalium
1405 1685 1573 1770 ovulum
1602 1712 1657 1769 an
1686 1685 1870 1771 vesicula
1901 1684 2138 1790 Graafiana,

316 1848 416 1908 mun
446 1850 628 1934 unquam
664 1823 795 1911 oculis
818 1824 978 1938 percipi
1007 1825 1138 1938 possit
1165 1825 1378 1930 humanis,
1409 1825 1563 1913 nescio.
1624 1827 1671 1912 ld
1701 1852 1805 1913 vero
1840 1843 1955 1916 certo
1986 1827 2140 1914 certius

316 1965 472 2069 habeo,
509 1965 555 2051 in
578 1966 813 2083 junioribus
842 1967 1036 2055 vesiculis
1060 1971 1228 2053 oculum
1257 1995 1351 2054 cum
1379 1967 1499 2055 diseo
1520 1969 1746 2082 preligare
1770 1970 1859 2086 jam
1889 1971 2036 2056 adesse
2061 1997 2140 2056 nee

316 2107 369 2192 ad
399 2107 625 2224 resindam
653 2111 722 2196 cui
749 2109 931 2223 pertinet
972 2109 1031 2195 ita
1060 2137 1246 2223 parvum.
1318 2112 1369 2196 ln
1396 2109 1575 2197 minimis
1604 2110 1772 2220 quidem
1800 2138 1884 2199 non
1914 2110 2015 2217 vidi,
2064 2113 2139 2198 sed

314 2247 546 2359 disquisitio
576 2253 681 2338 haec
709 2252 837 2340 tantis
864 2251 1065 2366 premitur
1094 2249 1426 2358 difficultatibus,
1468 2269 1514 2339 ut
1537 2253 1646 2339 etin
1675 2253 1900 2372 majoribus
1929 2255 2140 2340 interdum

314 2389 470 2480 banna
498 2393 788 2504 quaesiverim.
860 2393 1235 2484 observationibus
1266 2395 1576 2496 deficientibus,
1626 2425 1720 2482 cum
1750 2396 2000 2508 hypothesin
2037 2401 2139 2482 sub-

315 2535 490 2623 stituere
523 2535 641 2641 licet,
684 2539 809 2624 ovula
838 2537 982 2650 priora
1012 2563 1105 2625 esse
1134 2538 1399 2625 crediderim.
1459 2541 1768 2626 Demonstrabo
1797 2536 1909 2624 enim
1937 2565 2138 2624 mumma-

199 2725 206 2733 ·
313 2677 415 2765 lium
445 2681 570 2781 esula
609 2679 803 2767 vesiculis
841 2681 1076 2768 Puuxlun
1117 2680 1374 2793 rehquorum
1411 2680 1651 2768 animalium
1688 2682 1990 2793 comparandas
2031 2707 2138 2786 esse,

313 2809 419 2928 quas
447 2819 492 2907 in
521 2822 767 2910 animalibus
796 2822 1008 2911 nonnullis
1035 2824 1266 2929 molluscis,
1315 2823 1526 2937 acephalis
1554 2853 1595 2909 v.
1621 2854 1658 2910 c.
1689 2840 1732 2910 et
1760 2823 1992 2927 lumbricis,
2035 2849 2138 2910 ovo·

313 2991 406 3049 rum
436 2965 716 3053 evolutionem
745 2968 995 3053 antecedere
1032 2968 1146 3052 clare
1174 2959 1243 3052 me
1272 2966 1424 3053 vidisse
1452 2982 1567 3080 puto.
1867 2977 1870 2984 ’

466 3107 695 3195 Vesieulae
731 3107 981 3196 Graafianae
1017 3110 1167 3195 humor
1206 3108 1395 3220 primitus
1437 3112 1631 3194 albumen
1680 3109 1944 3222 inspissatum
1987 3125 2139 3216 aequat

313 3251 413 3336 dum
441 3251 578 3337 solum
614 3254 785 3338 ovulum
819 3254 1084 3364 granulosum
1114 3267 1191 3338 est.
1264 3253 1378 3336 Tum
1419 3250 1659 3338 differentia
1704 3250 1860 3364 polaris
1890 3251 1934 3335 in
1962 3250 2138 3338 humore

312 3393 445 3506 magis
473 3393 685 3507 magisque
715 3394 940 3500 evolvitur,
993 3395 1165 3481 fluidmn
1207 3392 1391 3480 nativum
1430 3393 1599 3481 ddutius
1640 3393 1687 3480 bt
1717 3410 1759 3479 et
1788 3395 1963 3508 granula
1993 3409 2138 3480 contra

311 3538 432 3648 plura
460 3535 505 3622 in
534 3564 586 3624 eo
616 3541 878 3624 evolvrmtru.

465 3679 737 3784 Membrana,
768 3655 893 3791 duam
912 3683 1178 3793 granulosam
1207 3681 1313 3782 dixi,
1344 3680 1548 3792 principio
1567 3696 1742 3767 suatum
1760 3678 1861 3765 satis
1885 3705 2072 3765 crassum
2096 3695 2138 3764 et

313 3821 554 3910 continuum
580 3837 668 3926 est,
711 3838 799 3908 tum
829 3825 1004 3935 penula
1032 3823 1077 3910 in
1106 3851 1156 3909 ea
1183 3823 1314 3936 magis
1339 3825 1607 3927 excoluntur,
1651 3849 1759 3932 quae
1783 3839 1959 3909 externa
1989 3846 2137 3932 super-

311 3965 405 4052 ficie
443 3963 686 4051 tenuissimo
719 3965 902 4078 tegmine
937 3965 1197 4054 albuminoso
1238 3965 1322 4076 tegi
1362 3965 1595 4069 videntur,-
1628 3992 1841 4073 nunquam
1881 3964 2051 4073 quidem
2080 3962 2137 4048 ita

312 4122 507 4220 separato
538 4133 588 4192 ac
616 4106 662 4192 in
691 4109 783 4194 ovis
805 4108 966 4215 avium,
996 4126 1138 4196 tamen
1164 4113 1432 4195 membranae
1456 4106 1586 4194 uitelli
1612 4104 1782 4221 (avium)
1810 4109 1986 4193 aemulo.
2047 4105 2136 4188 lli-

312 4280 408 4338 scus
428 4248 680 4363 prolignns
715 4249 846 4363 magis
875 4253 1154 4338 condensatur
1191 4267 1235 4337 et
1263 4255 1432 4337 ovudum
1460 4249 1717 4362 pedetentim
1746 4253 1800 4334 ab
1830 4275 1882 4334 eo
1912 4245 2138 4364 sejungitur

313 4393 564 4480 mentbrum
593 4390 813 4494 corticuli,
855 4421 980 4504 quam
1008 4393 1151 4502 utique
1181 4418 1260 4504 pro
1298 4392 1531 4480 secretione
1561 4418 1616 4477 ex
1646 4391 1758 4478 ouuli
1787 4394 1955 4504 globrdo
1985 4391 2136 4476 habeo.

312 4535 386 4626 Uti
415 4533 528 4620 enim
557 4535 846 4643 quodcumque
871 4538 1089 4648 granulum
1118 4534 1398 4649 peripheriam
1427 4536 1555 4621 habet
1586 4533 1835 4646 pellucidam
1869 4533 1929 4646 (in
1950 4533 2137 4645 granulis

311 4681 582 4769 membranae
611 4678 860 4786 granrdosae
888 4683 997 4766 bene
1024 4679 1292 4792 perceptilem
1325 4693 1367 4765 et
1396 4677 1573 4765 fortasse
1602 4704 1696 4762 cum
1722 4676 1876 4763 halone
1906 4679 1961 4760 ab
1991 4691 2135 4760 aucto·

311 4823 426 4908 ribus
463 4817 573 4905 cirea
609 4820 799 4930 globulos
841 4820 1052 4932 sanguinis
1092 4825 1312 4908 observato
1354 4817 1715 4931 comparandam),
1769 4818 1827 4902 ita
1865 4831 1907 4901 et
1943 4843 2135 4926 puraeque

312 4965 577 5077 gandonum
607 4959 821 5073 congeries
850 4961 1089 5075 peripheria
1118 4958 1326 5048 communi
1364 4986 1411 5046 se
1441 4959 1681 5045 circumdat.
1741 4960 1791 5044 ln
1821 4963 1945 5045 ovulo
1974 4959 2135 5044 caritas

312 5103 509 5193 centralis
537 5103 688 5208 orion,
725 5103 908 5216 grandis
940 5106 993 5192 ad
1018 5104 1302 5218 peripheriam
1330 5100 1609 5189 tendentibus.
1671 5100 1821 5191 Omnis
1850 5100 1960 5188 enim
1990 5105 2134 5187 evolu-

311 5249 370 5336 tio
400 5245 442 5332 in
474 5272 526 5332 eo
555 5245 718 5350 nitituu,
766 5248 878 5356 quod
910 5273 936 5331 a
964 5265 1109 5336 centro
1152 5248 1205 5333 ad
1242 5245 1524 5360 peripheriam
1552 5247 1698 5331 tendat
1726 5243 1932 5332 formatio.
2000 5241 2133 5327 Etiam

313 5392 472 5479 disum
501 5386 753 5500 proligerum
784 5405 827 5476 et
856 5393 1024 5477 oculum
1049 5392 1102 5477 ad
1133 5387 1412 5503 peripheriam
1436 5386 1726 5501 progrediente
1756 5383 1991 5472 evolutione
2020 5384 2131 5488 vehi,

1638 5525 1711 5618 3,
