5284 6572
1372 659 1825 750 34..........-

496 876 631 980 hiant,
671 875 743 960 ubi
770 875 991 961 humorum
1020 871 1282 966 nutritiorum
1309 871 1443 988 major
1471 899 1596 982 quam
1624 871 1670 958 in
1697 873 1841 960 thecas
1870 869 2051 962 affluxus
2079 889 2157 960 est.
2196 872 2317 982 ‚lite-

496 1019 584 1102 nim
612 1015 713 1102 talia
742 1016 848 1104 ostia
876 1043 956 1104 uec
984 1014 1043 1102 ita
1072 1041 1203 1128 parva
1230 1013 1276 1102 in
1316 1015 1472 1126 aliquot
1500 1014 1630 1102 uteris
1669 1016 1757 1102 vidi
1786 1014 2109 1106 distinctissime.
2168 1017 2317 1126 ltaque

233 1143 237 1156 ’
407 1277 409 1284 y
495 1157 541 1246 in
569 1158 867 1284 ‘mammalibus
909 1158 1185 1246 secretionem
1212 1159 1259 1246 in
1287 1160 1410 1246 theca
1446 1185 1498 1246 eo
1535 1159 1662 1244 modo
1690 1159 1837 1270 perfici
1875 1185 2124 1286 persuasum
2163 1159 2316 1264 haheo,

497 1310 621 1412 quem
648 1305 972 1390 Dontnluena
1010 1299 1225 1413 exposuit,
1270 1302 1300 1388 i.
1333 1329 1371 1388 e.
1401 1318 1630 1414 praeeunte
1660 1300 1807 1413 organi
1846 1300 2103 1388 secernentis
2148 1300 2354 1388 puniti-v

496 1471 603 1548 one,
645 1445 690 1530 in
719 1444 870 1532 ceteris
899 1442 1147 1530 animalibus
1175 1444 1364 1530 vitellum
1393 1471 1450 1530 ex
1490 1442 1691 1556 sangrum
1720 1443 1860 1556 potius
1889 1443 1947 1530 ita
1978 1444 2167 1550 secerni,
2209 1471 2318 1554 qua·

495 1591 582 1674 lem
609 1602 773 1674 veteres
802 1585 1075 1672 secretionem
1104 1585 1333 1697 generatim
1361 1586 1640 1674 crediderunt.
1689 1586 1766 1674 llis
1794 1585 2173 1700 quamplurimum
2208 1586 2318 1674 arri·

496 1733 600 1817 dere
618 1731 826 1818 loturus
856 1730 1101 1816 Munnnna
1131 1731 1296 1816 detecta
1315 1729 1360 1814 in
1387 1728 1570 1833 insectis,
1600 1756 1686 1816 non
1706 1744 1784 1835 est,
1814 1757 1891 1815 cur
1909 1756 2116 1817 moneam.
2152 1729 2318 1816 Trans·

494 1872 601 1989 itum
641 1871 754 1958 enim
789 1898 984 1960 vasorum
1012 1871 1057 1956 in
1098 1871 1231 1957 ovarii
1258 1873 1403 1960 thecas
1430 1871 1641 1986 exposurit.
1716 1871 1840 1982 Quae
1868 1899 1964 1956 cum
1999 1871 2058 1959 ita
2099 1871 2209 1974 sint,
2251 1871 2318 1958 fa·

497 2013 578 2102 cile
605 2013 793 2128 prolecto
820 2012 1072 2126 perspicies,
1126 2013 1171 2098 in
1199 2015 1490 2102 mammalibus
1524 2015 1700 2102 materia
1719 2013 1939 2102 formative
1978 2041 2057 2128 per
2082 2015 2319 2103 'humorum

498 2155 806 2269 congestionem
846 2157 1020 2242 advecta
1060 2158 1205 2243 thecas
1234 2157 1477 2271 amplificari
1504 2157 1824 2268 incrassarique,
1856 2173 1982 2268 atque
2009 2157 2055 2243 in
2084 2157 2232 2245 avibus
2260 2183 2318 2244 ex

498 2299 647 2384 eadem
686 2297 864 2384 materia
893 2298 983 2414 jam
1012 2299 1152 2385 statim
1192 2300 1285 2387 fieri
1326 2301 1613 2388 secretionem.
1675 2299 1835 2388 Vitello
1876 2300 1988 2387 enim
2017 2298 2156 2386 'avium
2184 2300 2318 2416 ejecto

498 2439 673 2526 diminuti
713 2440 889 2549 qrsidem.
923 2442 1039 2526 illam
1080 2441 1357 2529 secretionem
1398 2446 1474 2530 sed
1508 2470 1594 2530 nou
1630 2469 1803 2556 prorsus
1832 2443 1949 2549 sisti,
2010 2442 2110 2530 inde
2151 2442 2316 2558 colligo,

499 2583 626 2691 quod,
656 2583 695 2669 si
723 2597 869 2669 contra
897 2586 1084 2695 regulam
1113 2582 1158 2668 in
1186 2585 1334 2672 avibus
1364 2584 1513 2697 stigma
1542 2586 1682 2696 denuo
1711 2586 1955 2691 concrescit,
1986 2588 2113 2698 calyx
2141 2588 2318 2673 humore

500 2722 642 2810 vitello
679 2723 804 2810 simili
843 2723 1051 2836 impletam.
1113 2724 1288 2839 Galyocs
1321 2725 1557 2843 hujusmodi
1586 2729 1834 2814 Ponuntur
1864 2755 1943 2840 pro
1984 2727 2075 2816 ovis
2110 2726 2318 2842 corruptis

500 2869 647 2970 habet,
693 2882 737 2953 at
766 2894 894 2972 vero,
935 2867 1017 2956 nisi
1045 2868 1245 2958 memoria
1274 2897 1342 2956 me
1371 2869 1505 2975 fallit,
1544 2871 1797 2970 membrana
1820 2869 1951 2957 vitelli
1979 2885 2138 2958 carent.
